% Encoding: UTF-8

@InProceedings{Rabaud2006,
  author    = {V. Rabaud and S. Belongie},
  title     = {Counting Crowded Moving Objects},
  booktitle = {2006 IEEE Computer Society Conference on Computer Vision and Pattern Recognition (CVPR'06)},
  year      = {2006},
  volume    = {1},
  pages     = {705--711},
}

@Article{Levchenko2002,
  author  = {Andre Levchenko and Pablo A. Iglesias},
  title   = {Models of Eukaryotic Gradient Sensing: Application to Chemotaxis of Amoebae and Neutrophils},
  journal = {Biophys. J.},
  year    = {2002},
  volume  = {82},
  number  = {1},
  pages   = {50--63},
}

@Article{Tugnait2000,
  author  = {Bing Chen and J. K. Tugnait},
  title   = {Interacting multiple model fixed-lag smoothing algorithm for {Markovian} switching systems},
  journal = {IEEE Trans. Aerosp. Electron. Syst.},
  year    = {2000},
  volume  = {36},
  number  = {1},
  pages   = {243--250},
}

@Article{Mathias2006,
  author   = {Mathias, Jonathan R. and others},
  title    = {Resolution of inflammation by retrograde chemotaxis of neutrophils in transgenic zebrafish},
  journal  = {J. Leukocyte Biol.},
  year     = {2006},
  volume   = {80},
  number   = {6},
  pages    = {1281--1288},
  keywords = {GFP, leukocyte},
}

@InProceedings{Leibe2007,
  author    = {B. Leibe and K. Schindler and L. Van Gool},
  title     = {Coupled Detection and Trajectory Estimation for Multi-Object Tracking},
  booktitle = {2007 IEEE 11th International Conference on Computer Vision},
  year      = {2007},
  pages     = {1--8},
}

@Article{Mazor1998,
  author  = {S. Yildirim and S. S. Singh and A. Doucet},
  title   = {Interacting Multiple Model Methods in Target Tracking: A Survey},
  journal = {IEEE Trans. Aerosp. Electron. Syst.},
  year    = {1998},
  volume  = {34},
  number  = {1},
  pages   = {103--123},
}

@Article{Loynes2010,
  author  = {Loynes, Catherine A. and others},
  title   = {Pivotal Advance: Pharmacological manipulation of inflammation resolution during spontaneously resolving tissue neutrophilia in the zebrafish},
  journal = {J. Leukocyte Biol.},
  year    = {2010},
  volume  = {87},
  number  = {2},
  pages   = {203--212},
}

@InProceedings{Chan2008,
  author    = {A. B. Chan and Zhang-Sheng John Liang and N. Vasconcelos},
  title     = {Privacy preserving crowd monitoring: Counting people without people models or tracking},
  booktitle = {2008 IEEE Conference on Computer Vision and Pattern Recognition},
  year      = {2008},
  pages     = {1--7},
}

@InProceedings{Wallar2014,
  author    = {A. Wallar and E. Plaku},
  title     = {Path planning for swarms in dynamic environments by combining probabilistic roadmaps and potential fields},
  booktitle = {2014 IEEE Symposium on Swarm Intelligence},
  year      = {2014},
  pages     = {1--8},
}

@Article{Wu2011,
  author    = {Wu, Dan AND Lin, Francis},
  title     = {Modeling Cell Gradient Sensing and Migration in Competing Chemoattractant Fields},
  journal   = {PLoS One},
  year      = {2011},
  volume    = {6},
  number    = {4},
  pages     = {1--12},
  publisher = {Public Library of Science},
}

@Book{yeh2006real,
  author    = {Yeh, J.},
  title     = {{Real Analysis: Theory of Measure and Integration}},
  year      = {2006},
  publisher = {World Scientific},
}

@Article{Wong2006,
  author    = {Wong, Kit and Pertz, Olivier and Hahn, Klaus and Bourne, Henry},
  title     = {Neutrophil polarization: Spatiotemporal dynamics of RhoA activity support a self-organizing mechanism},
  journal   = {Proceedings of the National Academy of Sciences},
  year      = {2006},
  volume    = {103},
  number    = {10},
  pages     = {3639--3644},
  publisher = {National Academy of Sciences},
}

@Book{Lehmann1998,
  author    = {E. L. Lehman and G. Casella},
  title     = {{Theory of Point Estimation}},
  year      = {1998},
  edition   = {2},
  publisher = {Springer},
}

@Article{Effron1978,
  author  = {Effron, Bradley and Hinkley, David V.},
  title   = {Assessing the accuracy of the maximum likelihood estimator: Observed versus expected Fisher information},
  journal = {Biometrika},
  year    = {1978},
  volume  = {65},
  number  = {3},
  pages   = {457--483},
}

@Article{Iglesias2008,
  author  = {Pablo A Iglesias and Peter N Devreotes},
  title   = {Navigating through models of chemotaxis},
  journal = {Curr. Opin. Cell Biol.},
  year    = {2008},
  volume  = {20},
  number  = {1},
  pages   = {35--40},
}

@Article{Gibson2005,
  author    = {Gibson, Stuart and Ninness, Brett},
  title     = {Robust Maximum-likelihood estimation of multivariable dynamic systems},
  journal   = {Automatica},
  year      = {2005},
  volume    = {41},
  number    = {10},
  pages     = {1667--1682},
  keywords  = {Parameter estimation, System identification},
  numpages  = {16},
  publisher = {Pergamon Press, Inc.},
}

@Article{Armond2014,
  author  = {J. W. Armond and others},
  title   = {A stochastic model dissects cell states in biological transition processes.},
  journal = {Sci. Rep.},
  year    = {2014},
  volume  = {4},
  pages   = {3692},
}

@Article{Lauffenburger1982,
  author  = {Lauffenburger, Douglas and Aris, Rutherford and Keller, Kenneth},
  title   = {{Effects of cell motility and chemotaxis on microbial population growth}},
  journal = {Biophys. J.},
  year    = {1982},
  volume  = {40},
  number  = {3},
  pages   = {209--219},
}

@InProceedings{AlAzawee2015,
  author    = {W. S. AlAzawee and I. Abdel-Qader and J. Abdel-Qader},
  title     = {Using morphological operations -- Erosion based algorithm for edge detection},
  booktitle = {2015 IEEE International Conference on Electro/Information Technology (EIT)},
  year      = {2015},
  pages     = {521--525},
}

@Article{Iglesias2013,
  author    = {Shi, Changji and Huang, Chuan-Hsiang and Devreotes, Peter N. and Iglesias, Pablo A.},
  title     = {Interaction of Motility, Directional Sensing, and Polarity Modules Recreates the Behaviors of Chemotaxing Cells},
  journal   = {PLoS Comput. Biol.},
  year      = {2013},
  volume    = {9},
  number    = {7},
  pages     = {1--17},
  publisher = {Public Library of Science},
}

@Book{DeGroot2012,
  author    = {DeGroot, Morris H and Schervish, Mark J},
  title     = {{Probability and Statistics}},
  year      = {2012},
  edition   = {4},
  publisher = {Pearson Education Ltd.},
}

@Article{Warren2003,
  author  = {Warren L. Lee and Rene E. Harrison and Sergio Grinstein},
  title   = {{Phagocytosis by neutrophils}},
  journal = {Microbes Infect.},
  year    = {2003},
  volume  = {5},
  number  = {14},
  pages   = {1299--1306},
  note    = {Forum in Immunology on Neutrophils},
}

@Article{Barshalom1996,
  author  = {Rong Li, X and Bar-shalom, Yaakov},
  title   = {Tracking in clutter with nearest neighbor filters: Analysis and performance},
  journal = {IEEE Trans. Aerosp. Electron. Syst.},
  year    = {1996},
  volume  = {32},
  pages   = {995--1010},
}

@Article{Chen2010,
  author    = {Chen, Jia and others},
  title     = {Akt isoforms differentially regulate neutrophil functions},
  journal   = {Blood},
  year      = {2010},
  volume    = {115},
  number    = {21},
  pages     = {4237--4246},
  publisher = {American Society of Hematology},
}

@Article{Vianello2005,
  author   = {Vianello, Fabrizio and Olszak, Ivona T. and Poznansky, Mark C.},
  title    = {{Fugetaxis: Active movement of leukocytes away from a chemokinetic agent}},
  journal  = {J. Mol. Med.},
  year     = {2005},
  volume   = {83},
  number   = {10},
  pages    = {752--763},
  keywords = {Fugetaxis,Immune evasion,Immune response,T cell development,T cells},
}

@Article{OFlaherty1981,
  author    = {O{\textquoteright}Flaherty, J T and others},
  title     = {Selective desensitization of neutrophils: further studies with 1-O-alkyl-sn-glycero-3-phosphocholine analogues.},
  journal   = {J. Immunol.},
  year      = {1981},
  volume    = {127},
  number    = {2},
  pages     = {731--737},
  publisher = {American Association of Immunologists},
}

@TechReport{Neilson2011,
  author = {Neilson, Matthew P and Mackenzie, John A and Webb, Steven D and Insall, Robert H},
  title  = {{Modeling Cell Movement and Chemotaxis Using Pseudopod-Based Feedback}},
  year   = {2011},
  pages  = {1--21},
}

@InProceedings{Blom1984,
  author    = {H. A. P. Blom},
  title     = {An efficient filter for abruptly changing systems},
  booktitle = {The 23rd IEEE Conference on Decision and Control},
  year      = {1984},
  pages     = {656--658},
}

@Article{Insall2001,
  author   = {Insall, Robert H. and Weiner, Orion D.},
  title    = {{PIP3}, {PIP2}, and Cell Movement -- Similar Messages, Different Meanings?},
  journal  = {Dev. Cell},
  year     = {2001},
  volume   = {1},
  number   = {6},
  pages    = {743--747},
  keywords = {Biochemistry and Cell Biology},
}

@TechReport{Siu2012,
  author = {H. Siu and M. Figueroa and J. Holt and S. Biaz},
  title  = {A Dynamic Swarm Approach to Artificial Potential Field Collision Avoidance},
  year   = {2012},
  pages  = {1--13},
}

@Article{Cox1946,
  author  = {Cox,R. T.},
  title   = {Probability, Frequency and Reasonable Expectation},
  journal = {Am. J. Phys},
  year    = {1946},
  volume  = {14},
  number  = {1},
  pages   = {1--13},
}

@InProceedings{Rahmathullah2014,
  author    = {Rahmathullah, Abu Sajana and Svensson, Lennant and Svensson, Daniel},
  title     = {Two-filter {Gaussian} mixture smoothing with posterior pruning},
  booktitle = {17th International Conference on Information Fusion (FUSION)},
  year      = {2014},
  pages     = {1--8},
}

@Article{Brinkmann2004,
  author  = {Brinkmann, Volker and others},
  title   = {Neutrophil Extracellular Traps Kill Bacteria},
  journal = {Science},
  year    = {2004},
  volume  = {303},
  number  = {5663},
  pages   = {1532--1535},
}

@Article{Dunn87,
  author    = {Dunn, G. A. and Brown, A. F.},
  title     = {A Unified Approach to Analysing Cell Motility},
  journal   = {J. Cell Sci.},
  year      = {1987},
  volume    = {1987},
  number    = {Supplement 8},
  pages     = {81--102},
  publisher = {The Company of Biologists Ltd},
}

@Article{Holmes2012b,
  author  = {Holmes, William R and Edelstein-Keshet, Leah},
  title   = {A Comparison of Computational Models for Eukaryotic Cell Shape and Motility},
  journal = {PLoS Comput. Biol.},
  year    = {2012},
  volume  = {8},
  number  = {12},
  pages   = {e1002793},
}

@Article{Blom1988,
  author  = {H. A. P. Blom and Y. Bar-Shalom},
  title   = {The interacting multiple model algorithm for systems with {Markovian} switching coefficients},
  journal = {IEEE Trans. Autom. Control},
  year    = {1988},
  volume  = {33},
  number  = {8},
  pages   = {780--783},
}

@Article{Holmes2012a,
  author  = {Holmes, Geoffrey R and others},
  title   = {Drift-Diffusion Analysis of Neutrophil Migration during Inflammation Resolution in a Zebrafish Model},
  journal = {Advances in Hematology},
  year    = {2012},
  volume  = {2012},
  pages   = {1--8},
}

@Article{Insall2010,
  author    = {Insall, Robert H},
  title     = {Understanding eukaryotic chemotaxis: a pseudopod-centred view},
  journal   = {Nat. Rev. Mol. Cell Biol.},
  year      = {2010},
  volume    = {11},
  number    = {6},
  pages     = {453--458},
  publisher = {Nature Publishing Group},
}

@Article{Tindall2008,
  author   = {Tindall, Markus J and Maini, Phillip K and Porter, S. L. and Armitage, J. P.},
  title    = {Overview of Mathematical Approaches Used to Model Bacterial Chemotaxis II: Bacterial Populations},
  journal  = {Bull. Math. Biol.},
  year     = {2008},
  volume   = {70},
  number   = {6},
  pages    = {1570--1607},
  keywords = {bacterial chemotaxis,multi-scale modeling,population modeling,review},
}

@Article{Rauch1965,
  author  = {Rauch, H. E. and Tung, F. and Striebel, C. T.},
  title   = {Maximum likelihood estimates of linear dynamic systems},
  journal = {AIAA J.},
  year    = {1965},
  volume  = {3},
  number  = {8},
  pages   = {1445--1450},
}

@InProceedings{Wan2000,
  author    = {E. A. Wan and R. Van Der Merwe},
  title     = {The unscented {Kalman} filter for nonlinear estimation},
  booktitle = {Proceedings of the IEEE 2000 Adaptive Systems for Signal Processing, Communications, and Control Symposium (Cat. No.00EX373)},
  year      = {2000},
  pages     = {153--158},
}

@Article{Ge2002,
  author     = {Ge, S. S. and Cui, Y. J.},
  title      = {Dynamic Motion Planning for Mobile Robots Using Potential Field Method},
  journal    = {Autonomous Robots},
  year       = {2002},
  volume     = {13},
  number     = {3},
  pages      = {207--222},
  issue_date = {November 2002},
  numpages   = {16},
}

@Article{Weavers2016,
  author    = {Helen Weavers and others},
  title     = {Systems Analysis of the Dynamic Inflammatory Response to Tissue Damage Reveals Spatiotemporal Properties of the Wound Attractant Gradient},
  journal   = {Curr. Biol.},
  year      = {2016},
  volume    = {26},
  number    = {15},
  pages     = {1975--1989},
  publisher = {Cell Press},
}

@Article{Dixon2012,
  author    = {G. Dixon and P.M. Elks and C.A. Loynes and M.K.B. Whyte and S.A. Renshaw},
  title     = {A method for the \textit{in vivo} measurement of zebrafish tissue neutrophil lifespan.},
  journal   = {ISRN Hematology},
  year      = {2012},
  volume    = {2012},
  pages		= {915868},
  publisher = {Hindawi Publishing Corporation},
}

@Book{Zebrafish2002,
  author    = {Nusslein-Volhard, Christiane and Dahm, Ralf},
  title     = {{Zebrafish: A Practical Approach}},
  year      = {2002},
  edition   = {1},
  publisher = {[Oxford University Press]},
}

@Article{Hartman1994,
  author    = {Hartman, R S and Lau, K and Chou, W and Coates, T D},
  title     = {The fundamental motor of the human neutrophil is not random: evidence for local non-{Markov} movement in neutrophils},
  journal   = {Biophys. J.},
  year      = {1994},
  volume    = {67},
  number    = {6},
  pages     = {2535--2545},
  publisher = {Elsevier},
}

@Book{brooks2011,
  author    = {Brooks, Steve and Gelman, Andrew and Jones, Galin and Meng, Xiao-Li},
  title     = {{Handbook of Markov Chain Monte Carlo}},
  year      = {2011},
  publisher = {CRC press},
}

@Article{Yildirim2013,
  author  = {S. Yildirim and S. S. Singh and A. Doucet},
  title   = {An Online Expectation–Maximization Algorithm for Changepoint Models},
  journal = {J. Comput. Graph. Stat.},
  year    = {2013},
  volume  = {22},
  number  = {4},
  pages   = {906--926},
}

@Book{Bishop2006,
  author 	= {Bishop, Christopher M},
  title  	= {{Pattern Recognition and Machine Learning: Christopher M. Bishop}},
  year   	= {2006},
  publisher = {Springer-Verlag},
}

@Book{Jazwinski1970,
  author    = {Jazwinski, A.H.},
  title     = {Stochastic Processes and Filtering Theory},
  year      = {1970},
  series    = {Mathematics in Science and Engineering},
  publisher = {Elsevier Science},
}

@Article{Lammermann2013,
  author  = {Lammermann, T. and others},
  title   = {Neutrophil swarms require {LTB4} and integrins at sites of cell death \textit{in vivo}.},
  journal = {Nature},
  year    = {2013},
  volume  = {498},
  number  = {5},
  pages   = {371--375},
}

@InProceedings{Williams2007,
  author    = {L. Blackmore and S. Gil and Seung Chung and B. Williams},
  title     = {Model learning for switching linear systems with autonomous mode transitions},
  booktitle = {2007 46th IEEE Conference on Decision and Control},
  year      = {2007},
  pages     = {4648--4655},
}

@Article{Razzell2011,
  author    = {Razzell, William and Wood, Will and Martin, Paul},
  title     = {Swatting flies: modelling wound healing and inflammation in Drosophila},
  journal   = {Disease Models \& Mechanisms},
  year      = {2011},
  volume    = {4},
  number    = {5},
  pages     = {569--574},
  publisher = {The Company of Biologists Ltd},
}

@Article{Verghese1979,
  author  = {G. Verghese and T. Kailath},
  title   = {A further note on backwards {Markovian} models (Corresp.)},
  journal = {IEEE Trans. Inf. Theory},
  year    = {1979},
  volume  = {25},
  number  = {1},
  pages   = {121--124},
}

@Article{Bayarri2004,
  author    = {M. J. Bayarri and J. O. Berger},
  title     = {The Interplay of {Bayesian} and Frequentist Analysis},
  journal   = {Statistical Science},
  year      = {2004},
  volume    = {19},
  number    = {1},
  pages     = {58--80},
  publisher = {Institute of Mathematical Statistics},
}

@Article{Haykin2009,
  author  = {I. Arasaratnam and S. Haykin},
  title   = {Cubature {Kalman} Filters},
  journal = {IEEE Trans. Autom. Control},
  year    = {2009},
  volume  = {54},
  number  = {6},
  pages   = {1254--1269},
}

@Article{Boyarsky1977,
  author  = {Abraham Boyarsky and Patricia Noble},
  title   = {A {Markov} chain characterization of human neutrophil locomotion under neutral and chemotactic conditions.},
  journal = {Can. J. Physiol. Pharmacol.},
  year    = {1977},
  volume  = {55},
  number  = {1},
  pages   = {1--6},
}

@Book{Lee1964,
  author    = {Lee, R.C.K.},
  title     = {{Optimal Estimation, Identification, and Control}},
  year      = {1964},
  series    = {M.I.T. Press research monograph, no. 28},
  publisher = {M.I.T. Press},
}

@Article{Ito2000,
  author  = {K. Ito and K. Xiong},
  title   = {{Gaussian} filters for nonlinear filtering problems},
  journal = {IEEE Trans. Autom. Control},
  year    = {2000},
  volume  = {45},
  number  = {5},
  pages   = {910-927},
}

@Article{Elliott2012,
  author    = {Elliott, Charles M. and Stinner, Bj{\"o}rn and Venkataraman, Chandrasekhar},
  title     = {Modelling cell motility and chemotaxis with evolving surface finite elements},
  journal   = {J. R. Soc. Interface},
  year      = {2012},
  volume    = {9},
  number    = {76},
  pages     = {3027--3044},
  publisher = {The Royal Society},
}

@Article{Gupta2011,
  author    = {Gupta, Maya R. and Chen, Yihua},
  title     = {Theory and Use of the {EM} Algorithm},
  journal   = {Foundations and Trends in Signal Processing},
  year      = {2011},
  volume    = {4},
  number    = {3},
  pages     = {223--296},
  publisher = {Now Publishers Inc.},
}

@Article{Henry2013,
  author  = {Henry, Katherine M and Loynes, Catherine A and Whyte, Moira K B and Renshaw, Stephen A},
  title   = {Zebrafish as a model for the study of neutrophil biology},
  journal = {J. Leukocyte Biol.},
  year    = {2013},
  volume  = {94},
  number  = {4},
  pages   = {633--642},
}

@InProceedings{Zhang2010,
  author    = {M. Zhang and Y. Shen and Q. Wang and Y. Wang},
  title     = {Dynamic artificial potential field based multi-robot formation control},
  booktitle = {2010 IEEE Instrumentation Measurement Technology Conference Proceedings},
  year      = {2010},
  pages     = {1530--1534},
}

@Article{Harvie2015,
  author  = {Harvie, Elizabeth A. and Huttenlocher, Anna},
  title   = {Neutrophils in host defense: new insights from zebrafish},
  journal = {J. Leukocyte Biol.},
  year    = {2015},
  volume  = {98},
  number  = {4},
  pages   = {523--537},
}

@Article{Gierer1972,
  author  = {Gierer, A. and Meinhardt, H.},
  title   = {A theory of biological pattern formation},
  journal = {Kybernetik},
  year    = {1972},
  volume  = {12},
  number  = {1},
  pages   = {30--39},
}

@InProceedings{Starnes2012,
  author    = {Taylor W. Starnes and Anna Huttenlocher},
  title     = {Neutrophil Reverse Migration Becomes Transparent with Zebrafish},
  booktitle = {Advances in Hematology},
  year      = {2012},
  pages     = {1--11},
}

@Article{Ma2004,
  author  = {Lan Ma and others},
  title   = {Two complementary, local excitation, global inhibition mechanisms acting in parallel can explain the chemoattractant-induced regulation of {PI(3,4,5)P3} response in dictyostelium cells.},
  journal = {Biophys. J.},
  year    = {2004},
  volume  = {87},
  number  = {6},
  pages   = {3764--3774},
}

@Article{Logothetis99,
  author  = {A. Logothetis and V. Krishnamurthy},
  title   = {Expectation maximization algorithms for {MAP} estimation of jump {Markov} linear systems},
  journal = {IEEE Trans. Signal Process.},
  year    = {1999},
  volume  = {47},
  number  = {8},
  pages   = {2139--2156},
}

@Book{Berger1985,
  author    = {James O. Berger},
  title     = {{Statistical Decision Theory and {Bayesian} Analysis}},
  year      = {1985},
  edition   = {2},
  publisher = {Springer},
}

@Book{Shumway2005,
  author    = {Shumway, Robert H. and Stoffer, David S.},
  title     = {{Time Series Analysis and Its Applications (Springer Texts in Statistics)}},
  year      = {2005},
  publisher = {Springer-Verlag},
  address   = {Berlin, Heidelberg},
}

@Article{Koch2000,
  author  = {Wolfgang Koch},
  title   = {Fixed-interval retrodiction approach to {Bayesian} {IMM-MHT} for maneuvering multiple targets},
  journal = {IEEE Transactions Aerospace and Electronic Systems},
  year    = {2000},
  volume  = {36},
  pages   = {2--14},
}

@Article{McColl1999,
  author  = {McColl, Shaun R. and Clark-Lewis, Ian},
  title   = {Inhibition of Murine Neutrophil Recruitment In Vivo by CXC Chemokine Receptor Antagonists},
  journal = {J. Immunol.},
  year    = {1999},
  volume  = {163},
  number  = {5},
  pages   = {2829--2835},
}

@Article{Zhang2009,
  author    = {Zhang, Hui and Sun, Chunxiang and Glogauer, Michael and Bokoch, Gary M.},
  title     = {Human Neutrophils Coordinate Chemotaxis by Differential Activation of {Rac1} and {Rac2}},
  journal   = {J. Immunol.},
  year      = {2009},
  volume    = {183},
  number    = {4},
  pages     = {2718--2728},
  publisher = {American Association of Immunologists},
}

@Article{Draper1995,
  author    = {Norman R. Draper and Irwin Guttman},
  title     = {Confidence Intervals Versus Regions},
  journal   = {J. R. Stat. Soc. Ser. D (Statistician)},
  year      = {1995},
  volume    = {44},
  number    = {3},
  pages     = {399--403},
  publisher = {[Royal Statistical Society, Wiley]},
}

@Article{Khatib1986,
  author  = {O. Khatib},
  title   = {Real-Time Obstacle Avoidance for Manipulators and Mobile Robots},
  journal = {Int. J. Rob. Res.},
  year    = {1986},
  volume  = {5},
  number  = {1},
  pages   = {90--98},
}

@Article{Johnson2009,
  author  = {Michael J. Johnson and Zuowei Shen and Yuhong Xu},
  title   = {Scattered data reconstruction by regularization in B-spline and associated wavelet spaces},
  journal = {J. Approx. Theory},
  year    = {2009},
  volume  = {159},
  number  = {8},
  pages   = {197--223},
  note    = {Special Issue in memory of Professor George G. Lorentz (1910–2006)},
}

@Article{Snyderman1981,
  author  = {Snyderman, Ralph and Goetzl, Edward},
  title   = {Molecular and Cellular Mechanisms of Leukocite Chemotaxis},
  journal = {Science},
  year    = {1981},
  volume  = {213},
  number  = {4510},
  pages   = {830--837},
}

@Article{Niethammer2009,
  author  = {Philipp Niethammer and Clemens Grabher and A Thomas Look and Timothy J Mitchison},
  title   = {A tissue-scale gradient of hydrogen peroxide mediates rapid wound detection in zebrafish},
  journal = {Nature},
  year    = {2009},
  volume  = {459},
  number  = {7249},
  pages   = {996–-999},
}

@Article{Mogilner2008,
  author  = {Mogilner, Alex},
  title   = {Mathematics of cell motility: have we got its number?},
  journal = {J. Math. Biol.},
  year    = {2008},
  volume  = {58},
  number  = {1},
  pages   = {105--134},
}

@Article{Kadirkamanathan2012,
  author  = {Kadirkamanathan, V. and others},
  title   = {The Neutrophil's Eye-View: Inference and Visualisation of the Chemoattractant Field Driving Cell Chemotaxis \textit{in vivo}},
  journal = {PLoS One},
  year    = {2012},
  volume  = {7},
  number  = {4},
  pages   = {e35182},
}

@Article{Zigmond1977,
  author   = {Zigmond, Sally H},
  title    = {Ability of Polymorphonuclear Leukocytes to Orient in Gradients of Chemotactic Factors},
  journal  = {J. Cell Biol.},
  year     = {1977},
  volume   = {75},
  pages    = {606--616},
  keywords = {chemotaxis},
}

@Article{Hamza2014,
  author  = {Hamza, Bashar and others},
  title   = {Retrotaxis of human neutrophils during mechanical confinement inside microfluidic channels},
  journal = {Integrative biology : quantitative biosciences from nano to macro},
  year    = {2014},
  volume  = {6},
  number  = {2},
  pages   = {175--183},
}

@Article{Aram2013,
  author  = {Aram, P. and others},
  title   = {Spatiotemporal multi-resolution approximation of the Amari type neural field model},
  journal = {Neuroimage},
  year    = {2013},
  volume  = {66},
  pages   = {88--102},
}

@Article{MacDonald2016,
  author    = {MacDonald, Grant and Mackenzie, John A and Nolan, Michael R and Insall, Robert H},
  title     = {A computational method for the coupled solution of reaction–diffusion equations on evolving domains and manifolds: Application to a model of cell migration and chemotaxis},
  journal   = {J. Comput. Phys.},
  year      = {2016},
  volume    = {309},
  pages     = {207--226},
  publisher = {Elsevier Inc.},
}

@Article{Kitagawa1987,
  author    = {Genshiro Kitagawa},
  title     = {Non-{Gaussian} State-Space Modeling of Nonstationary Time Series},
  journal   = {J. Am. Stat. Assoc.},
  year      = {1987},
  volume    = {82},
  number    = {400},
  pages     = {1032--1041},
  publisher = {[American Statistical Association, Taylor \& Francis, Ltd.]},
}

@Article{Bassett2018,
  author  = {Bassett, Robert and Deride, Julio},
  title   = {Maximum a posteriori estimators as a limit of Bayes estimators},
  journal = {Math. Program.},
  year    = {2018},
  day     = {30},
}

@Book{Gustafsson2000,
  author    = {Fredrik Gustafsson},
  title     = {{Adaptive Filtering and Change Detection}},
  year      = {2000},
  publisher = {Wiley},
}

@Article{Servant2000,
  author    = {Servant, Guy and others},
  title     = {Polarization of Chemoattractant Receptor Signaling During Neutrophil Chemotaxis},
  journal   = {Science},
  year      = {2000},
  volume    = {287},
  number    = {5455},
  pages     = {1037--1040},
  publisher = {American Association for the Advancement of Science},
}

@Article{Zigmond1981,
  author  = {Zigmond, Sally H and Levitsky, Hyam I. and Kreel, Barbara J.},
  title   = {Cell polarity: An examination of its behavioural expression and its consequences for polymorphonuclear leukocyte chemotaxis},
  journal = {J. Cell Biol.},
  year    = {1981},
  volume  = {89},
  number  = {3},
  pages   = {585--592},
}

@Article{Helmick95,
  author  = {Helmick, R. E. and Blair, W. D. and Hoffman,S. A.},
  title   = {Fixed-interval smoothing for {Markovian} switching systems},
  journal = {IEEE Trans. Inf. Theory},
  year    = {1995},
  volume  = {41},
  number  = {6},
  pages   = {1845--1855},
}

@Article{Kalman1960,
  author  = {Kalman, Rudolph Emil},
  title   = {A New Approach to Linear Filtering and Prediction Problems},
  journal = {Transactions of the ASME--Journal of Basic Engineering},
  year    = {1960},
  volume  = {82},
  number  = {Series D},
  pages   = {35--45},
}

@Article{Meinhardt1999,
  author   = {Meinhardt, Hans},
  title    = {Orientation of chemotactic cells and growth cones: models and mechanisms},
  journal  = {J. Cell Sci.},
  year     = {1999},
  volume   = {112},
  pages    = {2867--2874},
  keywords = {cell polarity,chemotaxis,dictyostelium,growth cone},
}

@Article{Ghahramani2000,
  author  = {Ghahramani, Z. and Hinton, G. E.},
  title   = {Variational learning for switching state-space models},
  journal = {Neural Comput.},
  year    = {2000},
  volume  = {12},
  number  = {4},
  pages   = {831--864},
}

@Article{Patlak1953,
  author    = {S. Patlak, Clifford},
  title     = {Random Walk with Persistence and External Bias},
  year      = {1953},
  volume    = {15},
  pages     = {311--338},
  journal = {Bull. Math. Biol.},
}

@Article{Kirubarajan2000,
  author  = {T. Kirubarajan and Y. Bar-Shalom and K. R. Pattipati and I. Kadar},
  title   = {Ground target tracking with variable structure {IMM} estimator},
  journal = {IEEE Trans. Aerosp. Electron. Syst.},
  year    = {2000},
  volume  = {36},
  number  = {1},
  pages   = {26--46},
}

@InProceedings{Ashley2014,
  author    = {T. T. Ashley and S. B. Andersson},
  title     = {A Sequential Monte Carlo framework for the system identification of jump {Markov} state space models},
  booktitle = {2014 American Control Conference},
  year      = {2014},
  pages     = {1144--1149},
}

@Article{Lee2003,
  author  = {Warren L. Lee and Rene E. Harrison and Sergio Grinstein},
  title   = {Phagocytosis by neutrophils},
  journal = {Microbes Infect.},
  year    = {2003},
  volume  = {5},
  number  = {14},
  pages   = {1299--1306},
}

@Article{Qasaimeh2018,
  author  = {Qasaimeh, Mohammad A. and others},
  title   = {Neutrophil Chemotaxis in Moving Gradients},
  journal = {Advanced Biosystems},
  year    = {2018},
  volume  = {2},
  number  = {7},
  pages   = {1700243},
}

@Misc{Doucet2011tut,
  author = {Arnaud Doucet and Adam M. Johansen},
  title  = {A tutorial on particle filtering and smoothing: fifteen years later},
  year   = {2011},
}

@Article{Dewar2007,
  author  = {M. Dewar and V. Kadirkamanathan},
  title   = {A Canonical Space-Time State Space Model: State and Parameter Estimation},
  journal = {IEEE Trans. Signal Process.},
  year    = {2007},
  volume  = {55},
  number  = {10},
  pages   = {4862--4870},
}

@Book{Kreyszig1991,
  author    = {Kreyszig, E.},
  title     = {{Differential Geometry}},
  year      = {1991},
  series    = {Differential Geometry},
  publisher = {Dover Publications},
}

@Thesis{YangZhang2017,
  author = {Zhang, Yang},
  title  = {{A Dynamical Systems Modelling Framework for Breast Cancer Cell Motility and Morphology Analysis}},
  year   = {2017},
}

@Article{Ellett2015,
  author  = {Ellett, Felix and others},
  title   = {Defining the phenotype of neutrophils following reverse migration in zebrafish},
  journal = {J. Leukocyte Biol.},
  year    = {2015},
  volume  = {98},
  pages   = {975--981},
}

@Article{Nadarajah2012,
  author  = {N. Nadarajah and R. Tharmarasa and M. McDonald and T. Kirubarajan},
  title   = {{IMM} Forward Filtering and Backward Smoothing for Maneuvering Target Tracking},
  journal = {IEEE Trans. Aerosp. Electron. Syst.},
  year    = {2012},
  volume  = {48},
  number  = {3},
  pages   = {2673--2678},
}

@Article{Andersson1985,
  author  = {Peter Andersson},
  title   = {Adaptive forgetting in recursive identification through multiple models},
  journal = {Int. J. Control},
  year    = {1985},
  volume  = {42},
  number  = {5},
  pages   = {1175--1193},
}

@Article{Hinchliffe2001,
  author  = {Katherine A Hinchliffe},
  title   = {Cellular signalling: Stressing the importance of {PIP3}},
  journal = {Curr. Biol.},
  year    = {2001},
  volume  = {11},
  number  = {9},
  pages   = {R371--R373},
}

@Article{Alt1980,
  author   = {Alt, Wolgang},
  title    = {Biased Random Walk Models for Chemotaxis and Related Diffusion Approximations},
  journal  = {J. Math. Biol.},
  year     = {1980},
  volume   = {9},
  pages    = {147--177},
  keywords = {chemotaxis - - biased,diffusion equations - -,random walk - -,singular perturbation},
}

@Article{Xiong05102010,
  author  = {Xiong, Yuan and Huang, Chuan-Hsiang and Iglesias, Pablo A. and Devreotes, Peter N.},
  title   = {Cells navigate with a local-excitation, global-inhibition-biased excitable network},
  journal = {Proceedings of the National Academy of Sciences},
  year    = {2010},
  volume  = {107},
  number  = {40},
  pages   = {17079--17086},
}

@Article{Lowell2015,
  author  = {Mócsai, Attila and Walzog, Barbara and Lowell, Clifford A.},
  title   = {Intracellular signalling during neutrophil recruitment},
  journal = {Cardiovasc. Res.},
  year    = {2015},
  volume  = {107},
  number  = {3},
  pages   = {373--385},
}

@Article{Johnston2001,
  author  = {L. A. Johnston and V. Krishnamurthy},
  title   = {An improvement to the interacting multiple model ({IMM}) algorithm},
  journal = {IEEE Trans. Signal Process.},
  year    = {2001},
  volume  = {49},
  number  = {12},
  pages   = {2909--2923},
}

@Article{Irimia2009,
  author  = {Irimia, Daniel and Balazsi, Gabor and Agrawal, Nitin and Toner, Mehmet},
  title   = {Adaptive-control model for neutrophil orientation in the direction of chemical gradients},
  journal = {Biophys. J.},
  year    = {2009},
  volume  = {96},
  number  = {10},
  pages   = {3897--3916},
}

@Book{Aoki1986,
  author    = {Aoki, Masanao},
  title     = {{State Space Modelling of Time Series}},
  year      = {1986},
  publisher = {Springer-Verlag},
  address   = {Berlin, Heidelberg},
}

@Article{Sorenson1970,
  author  = {H. W. Sorenson},
  title   = {Least-squares estimation: from {Gauss} to {Kalman}},
  journal = {IEEE Spectr.},
  year    = {1970},
  volume  = {7},
  number  = {7},
  pages   = {63--68},
}

@Article{Kobayashi2009,
  author  = {Kobayashi, Scott D. and DeLeo, Frank R.},
  title   = {Role of neutrophils in innate immunity: A systems biology-level approach},
  journal = {Wiley Interdiscip. Rev. Syst. Biol. Med.},
  year    = {2009},
  volume  = {1},
  number  = {3},
  pages   = {309--333},
}

@Book{Bar-Shalom1993,
  author 	= {Bar-Shalom, Y. and Li, X. R.},
  title 	= {{Estimation and Tracking: Principles, Techniques, and Software}},
  year  	= {1993},
  publisher = {Norwood, MA: Artech House, Inc},
}

@Book{Anderson1979,
  author    = {Anderson, Brian D. O. and Moore, John B.},
  title     = {{Optimal Filtering}},
  year      = {1979},
  publisher = {Prentice-Hall, Inc.},
  address   = {Upper Saddle River, NJ, USA},
}

@Article{Meng1994,
  author    = {Meng, Xiao-Li},
  title     = {On the Rate of Convergence of the ECM Algorithm},
  journal   = {Ann. Stat.},
  year      = {1994},
  volume    = {22},
  number    = {1},
  pages     = {326--339},
  publisher = {The Institute of Mathematical Statistics},
}

@Article{Futosi2013,
  author    = {Futosi, Krisztina and Fodor, Szabina and M{\'{o}}csai, Attila},
  title     = {Neutrophil cell surface receptors and their intracellular signal transduction pathways},
  journal   = {Int. Immunopharmacol.},
  year      = {2013},
  volume    = {17},
  number    = {3},
  pages     = {638--650},
}

@Article{Meng1993,
  author    = {Xiao-Li Meng and Donald B. Rubin},
  title     = {Maximum Likelihood Estimation via the ECM Algorithm: A General Framework},
  journal   = {Biometrika},
  year      = {1993},
  volume    = {80},
  number    = {2},
  pages     = {267--278},
  publisher = {[Oxford University Press, Biometrika Trust]},
}

@Article{Xiong2010,
  author  = {Xiong, Yuan and Huang, Chuan-Hsiang and Iglesias, Pablo A. and Devreotes, Peter N.},
  title   = {Cells navigate with a local-excitation, global-inhibition-biased excitable network},
  journal = {Proceedings of the National Academy of Sciences},
  year    = {2010},
  volume  = {107},
  number  = {40},
  pages   = {17079--17086},
}

@Article{Wymann1987,
  author  = {Wymann, Matthias P and others},
  title   = {Oscillatory Motion in Human Neutrophils Responding to Chemotactic Stimuli},
  journal = {Biochem. Biophys. Res. Commun.},
  year    = {1987},
  volume  = {147},
  number  = {1},
  pages   = {361--368},
}

@Article{Louis1982,
  author    = {Thomas A. Louis},
  title     = {Finding the Observed Information Matrix when Using the {EM} Algorithm},
  journal   = {J. R. Stat. Soc. Ser. B Stat. Methodol.},
  year      = {1982},
  volume    = {44},
  number    = {2},
  pages     = {226--233},
  publisher = {[Royal Statistical Society, Wiley]},
}

@Article{Doucet2013,
  author    = {Sinan Yildirim and Sumeetpal S. Singh and Arnaud Doucet},
  title     = {An Online Expectation–Maximization Algorithm for Changepoint Models},
  journal   = {J. Comput. Graph. Stat.},
  year      = {2013},
  volume    = {22},
  number    = {4},
  pages     = {906--926},
  publisher = {Taylor \& Francis},
}

@Article{Baxter2002,
  author  = {Baxter, Gary F.},
  title   = {The neutrophil as a mediator of myocardial ischemia-reperfusion injury: time to move on},
  journal = {Basic Res. Cardiol.},
  year    = {2002},
  volume  = {97},
  number  = {4},
  pages   = {268--275},
  day     = {01},
}

@InProceedings{Julier1997,
  author  = {Simon J. Julier and Jeffrey K. Uhlmann},
  title   = {New extension of the {Kalman} filter to nonlinear systems},
  year    = {1997},
  volume  = {3068},
  journal = {Signal Processing, Sensor Fusion, and Target Recognition \roman{4}},
}

@Article{Stokes1991,
  author  = {Stokes, Cynthia L and Lauffenburger, Doug A and Williams, Stuart K},
  title   = {Migration of individual microvessel endothelial cells: stochastic model and parameter measurement},
  journal = {J. Cell Sci.},
  year    = {1991},
  volume  = {99},
  pages   = {419--430},
  pmid    = {1885678},
}

@Article{Sarkka2008,
  author  = {S. Sarkka},
  title   = {Unscented {Rauch--Tung--Striebel} Smoother},
  journal = {IEEE Trans. Autom. Control},
  year    = {2008},
  volume  = {53},
  number  = {3},
  pages   = {845--849},
}

@Article{Yun2017,
  author    = {Jonghyun Yun and Fan Yang and Yuguo Chen},
  title     = {Augmented Particle Filters},
  journal   = {J. Am. Stat. Assoc.},
  year      = {2017},
  volume    = {112},
  number    = {517},
  pages     = {300--313},
  publisher = {Taylor \& Francis},
}

@Article{Csillery2010,
  author  = {Csillery, Katalin and Blum, Michael G B and Gaggiotti, Oscar E. and Fran\c{c}ois, Olivier},
  title   = {Approximate {Bayesian} Computation ({ABC}) in practice},
  journal = {Trends in Ecology and Evolution},
  year    = {2010},
  volume  = {25},
  number  = {7},
  pages   = {410--418},
}

@Article{Aitken1934,
  author    = {Aitken, A.C.},
  title     = {On least squares and linear combination of observations},
  year      = {1936},
  volume    = {55},
  pages     = {42--48},
  journal = {Proceedings of the Royal Society of Edinburgh},
  keywords  = {weighted_least_squares},
}

@Article{Shumway1982,
  author  = {Shumway, R. H. and Stoffer, D. S.},
  title   = {An approach to time series smoothing and forecasting using the {EM} algorithm},
  journal = {J. Time Ser. Anal.},
  year    = {1982},
  volume  = {3},
  number  = {4},
  pages   = {253--264},
}

@Article{Wang2002,
  author  = {Wang, Fei and others},
  title   = {Lipid products of {PI(3)Ks} maintain persistent cell polarity and directed motility in neutrophils},
  journal = {Nat. Cell Biol.},
  year    = {2002},
  volume  = {4},
  pages   = {513--518},
}

@Book{Sarkka2013,
  author     = {S{\"{a}}rkka, Simo},
  title      = {{Bayesian Filtering and Smoothing}},
  year       = {2013},
  series     = {Institute of Mathematical Statistics Textbooks},
  publisher  = {Cambridge University Press},
  collection = {Institute of Mathematical Statistics Textbooks},
}

@TechReport{Ghahramani1996,
  author      = {Zoubin Ghahramani and Geoffrey E. Hinton},
  title       = {Parameter Estimation for Linear Dynamical Systems},
  institution = {University of Toronto},
  year        = {1996},
}

@Article{Jones2015,
  author    = {Jones, P. J. M. and others},
  title     = {Inference of random walk models to describe leukocyte migration},
  journal   = {Phys. Biol.},
  year      = {2015},
  volume    = {12},
  number    = {6},
  pages     = {1--12},
  publisher = {IOP Publishing},
}

@InCollection{Ghahramani1999,
  author    = {Ghahramani, Zoubin and Roweis, Sam T.},
  title     = {Learning Nonlinear Dynamical Systems Using an {EM} Algorithm},
  booktitle = {Advances in Neural Information Processing Systems 11},
  year      = {1999},
  publisher = {MIT Press},
  pages     = {431--437},
}

@InProceedings{Girshick1951,
  author    = {Girshick, M. A. and Savage, L. J.},
  title     = {Bayes and Minimax Estimates for Quadratic Loss Functions},
  booktitle = {Proceedings of the Second Berkeley Symposium on Mathematical Statistics and Probability},
  year      = {1951},
  publisher = {University of California Press},
  pages     = {53--73},
}

@Thesis{Holmes2013,
  author = {Holmes, Geoffrey R},
  title  = {{The spatiotemporal dynamics of inflammatory neutrophil populations}},
  year   = {2013},
}

@Article{Nourshargh2016,
  author  = {Sussan Nourshargh and Stephen A. Renshaw and Beat A. Imhof},
  title   = {Reverse Migration of Neutrophils: Where, When, How, and Why?},
  journal = {Trends Immunol.},
  year    = {2016},
  volume  = {37},
  number  = {5},
  pages   = {273--286},
}

@Article{Holmes2012,
  author  = {Holmes, G. R. and others},
  title   = {Repelled from the wound, or randomly dispersed? Reverse migration behaviour of neutrophils characterized by dynamic modelling},
  journal = {J. R. Soc. Interface},
  year    = {2012},
  volume  = {9},
  number  = {77},
  pages   = {3229--3239},
}

@Article{Zyphur2015,
  author  = {Michael J. Zyphur and Frederick L. Oswald},
  title   = {Bayesian Estimation and Inference: A User’s Guide},
  journal = {J. Manage},
  year    = {2015},
  volume  = {41},
  number  = {2},
  pages   = {390--420},
}

@Article{Tomura2008,
  author    = {Tomura, Michio and others},
  title     = {Monitoring cellular movement \textit{in vivo} with photoconvertible fluorescence protein {\textquotedblleft}Kaede{\textquotedblright} transgenic mice},
  journal   = {Proceedings of the National Academy of Sciences},
  year      = {2008},
  volume    = {105},
  number    = {31},
  pages     = {10871--10876},
  publisher = {National Academy of Sciences},
}

@Article{Keller1971,
  author  = {Keller, Evelyn F and Segel, Lee A},
  title   = {{Model for chemotaxis}},
  journal = {J. Theor. Biol.},
  year    = {1971},
  volume  = {30},
  number  = {2},
  pages   = {225--234},
}

@Article{Schwab2010,
  author  = {Claudia Schwab and Andis Klegeris and Patrick. L. McGeer},
  title   = {Inflammation in transgenic mouse models of neurodegenerative disorders},
  journal = {Biochimica et Biophysica Acta - Molecular Basis of Disease},
  year    = {2010},
  volume  = {1802},
  number  = {10},
  pages   = {889--902},
}

@Article{Renshaw2006,
  author  = {Renshaw, Stephen A and Loynes, Catherine A},
  title   = {A transgenic zebrafish model of neutrophilic inflammation},
  journal = {Blood},
  year    = {2006},
  volume  = {108},
  number  = {13},
  pages   = {3976--3978},
}

@Book{Walter2014,
  author    = {Walter, E.},
  title     = {{Identifiability of Parametric Models}},
  year      = {2014},
  publisher = {Elsevier Science},
}

@Book{Costa2006,
  author    = {Costa, O.L.V. and Fragoso, M.D. and Marques, R.P.},
  title     = {{Discrete-Time {Markov} Jump Linear Systems}},
  year      = {2006},
  series    = {Probability and Its Applications},
  publisher = {Springer London},
}

@Book{Sorensen2007,
  author    = {Sorensen, D. and Gianola, D.},
  title     = {{Likelihood, {Bayesian}, and {MCMC} Methods in Quantitative Genetics}},
  year      = {2007},
  series    = {Statistics for Biology and Health},
  publisher = {Springer New York},
}

@Article{Shao2010,
  author    = {Shao, Danying and Rappel, Wouter-Jan and Levine, Herbert},
  title     = {Computational Model for Cell Morphodynamics},
  journal   = {Biophys. Rev. Lett.},
  year      = {2010},
  volume    = {105},
  issue     = {10},
  pages     = {108104},
  numpages  = {4},
  publisher = {American Physical Society},
}

@Article{Grewal2010,
  author  = {M. S. Grewal and A. P. Andrews},
  title   = {Applications of {Kalman} Filtering in Aerospace 1960 to the Present [Historical Perspectives]},
  journal = {IEEE Control Syst. Mag.},
  year    = {2010},
  volume  = {30},
  number  = {3},
  pages   = {69--78},
}

@InProceedings{Svensson2014,
  author    = {A. Svensson and T. B. Schön and F. Lindsten},
  title     = {Identification of jump {Markov} linear models using particle filters},
  booktitle = {53rd IEEE Conference on Decision and Control},
  year      = {2014},
  pages     = {6504--6509},
}

@Article{Lopes2016,
  author  = {Alexandre H. Lopes and others},
  title   = {{DF2755A}, a novel non-competitive allosteric inhibitor of {CXCR1/2}, reduces inflammatory and post-operative pain},
  journal = {Pharmacol. Res.},
  year    = {2016},
  volume  = {103},
  pages   = {69--79},
}

@Article{Seok2013,
  author    = {Seok, Junhee and Warren, H. Shaw and others},
  title     = {Genomic responses in mouse models poorly mimic human inflammatory diseases},
  journal   = {Proceedings of the National Academy of Sciences},
  year      = {2013},
  volume    = {110},
  number    = {9},
  pages     = {3507--3512},
  publisher = {National Academy of Sciences},
}

@Thesis{Robertson2013,
  author = {Robertson, Anne},
  title  = {{A novel anti-inflammatory mechanism identified by an \textit{in vivo} chemical genetic screen}},
  year   = {2013},
}

@Article{Robertson2014,
  author    = {Robertson, Anne L. and others},
  title     = {A Zebrafish Compound Screen Reveals Modulation of Neutrophil Reverse Migration as an Anti-Inflammatory Mechanism},
  journal   = {Sci. Transl. Med.},
  year      = {2014},
  volume    = {6},
  number    = {225},
  pages     = {225--229},
  publisher = {American Association for the Advancement of Science},
}

@Article{Ehrengruber1996,
  author   = {Ehrengruber, Markus U and Deranleau, David A and Coates, Thomas D},
  title    = {Shape Oscillations of Human Neutrophil Leukocytes: Characterization and Relationship to Cell Motility},
  journal  = {J. Exp. Biol},
  year     = {1996},
  volume   = {199},
  pages    = {741--747},
 
}

@Article{Gray2011,
  author   = {Gray, Caroline and others},
  title    = {Simultaneous intravital imaging of macrophage and neutrophil behaviour during inflammation using a novel transgenic zebrafish},
  journal  = {Thromb. Haemost.},
  year     = {2011},
  volume   = {105},
  number   = {5},
  pages    = {811--819},
  keywords = {animal models,macrophage,transgenic animals,wound healing},
}

@Article{Petrie2009,
  author    = {Petrie, Ryan J. and Doyle, Andrew D. and Yamada, Kenneth M.},
  title     = {Random versus directionally persistent cell migration},
  journal   = {Nat. Rev. Mol. Cell Biol.},
  year      = {2009},
  volume    = {10},
  number    = {8},
  pages     = {538--549},
  publisher = {Nature Publishing Group},
}

@Article{Blom1990,
  author  = {Blom, H. A. P. and Bar-Shalom, Y.},
  title   = {Time-reversion of a hybrid state stochastic difference system with a jump-linear smoothing application},
  journal = {IEEE Trans. Inf. Theory},
  year    = {1990},
  volume  = {36},
  number  = {4},
  pages   = {836--847},
}

@Article{Sadik2011,
  author  = {Sadik, Christian D. and Kim, Nancy D. and Luster, Andrew D.},
  title   = {Neutrophils cascading their way to inflammation},
  journal = {Trends Immunol.},
  year    = {2011},
  volume  = {32},
  number  = {10},
  pages   = {452--460},
}

@Article{Julier2004,
  author  = {S. J. Julier and J. K. Uhlmann},
  title   = {Unscented filtering and nonlinear estimation},
  journal = {Proc. IEEE},
  year    = {2004},
  volume  = {92},
  number  = {3},
  pages   = {401--422},
}

@Article{Fraser1969,
  author  = {D. Fraser and J. Potter},
  title   = {The optimum linear smoother as a combination of two optimum linear filters},
  journal = {IEEE Trans. Autom. Control},
  year    = {1969},
  volume  = {14},
  number  = {4},
  pages   = {387--390},
}

@InProceedings{Orchard1972,
  author    = {Orchard, Terence and Woodbury, Max A.},
  title     = {A missing information principle: theory and applications},
  booktitle = {Proceedings of the Sixth Berkeley Symposium on Mathematical Statistics and Probability, Volume 1: Theory of Statistics},
  year      = {1972},
  publisher = {University of California Press},
  pages     = {697--715},
}

@Article{Holmquist1988,
  author    = {Bj\"{o}rn Holmquist},
  title     = {Moments and cumulants of the multivariate normal distribution},
  journal   = {Stochastic Analysis and Applications},
  year      = {1988},
  volume    = {6},
  number    = {3},
  pages     = {273--278},
  publisher = {Taylor \& Francis},
}

@Article{Ornstein1930,
  author    = {Uhlenbeck, G. E. and Ornstein, L. S.},
  title     = {On the Theory of the {Brownian} Motion},
  journal   = {Phys. Rev.},
  year      = {1930},
  volume    = {36},
  issue     = {5},
  pages     = {823--841},
  numpages  = {0},
  publisher = {American Physical Society},
}

@Book{Durbin2001,
  author    = {Durbin, J. and Koopman, S.J.},
  title     = {{Time Series Analysis by State Space Methods}},
  year      = {2001},
  series    = {Oxford Statistical Science Series},
  publisher = {Clarendon Press},
}

@Book{Hollig2013,
  author    = {Hollig, Klaus and Horner, Jorg},
  title     = {{Approximation and Modeling with {B-Splines}}},
  year      = {2013},
  publisher = {Society for Industrial and Applied Mathematics},
  address   = {Philadelphia, PA, USA},
}

@Article{Tugnait1979,
  author  = {Tugnait, J. K. and Haddad, A. H.},
  title   = {A Detection-estimation Scheme for State Estimation in Switching Environments},
  journal = {Automatica},
  year    = {1979},
  volume  = {15},
  number  = {4},
  pages   = {477--481},
}

@Article{Rao2001,
  author    = {Rao, C. R.},
  title     = {A note on {Kalman} Filter},
  journal   = {Proceedings of the National Academy of Sciences},
  year      = {2001},
  volume    = {98},
  number    = {19},
  pages     = {10557--10559},
  publisher = {National Academy of Sciences},
}

@Article{Hillen2008,
  author  = {Hillen, T. and Painter, K. J.},
  title   = {A user's guide to {PDE} models for chemotaxis},
  journal = {J. Math. Biol.},
  year    = {2008},
  volume  = {58},
  number  = {1},
  pages   = {183--217},
}

@Article{Lacy2006,
  author  = {Lacy, Paige},
  title   = {Mechanisms of degranulation in neutrophils},
  journal = {Allergy, asthma, and clinical immunology : official journal of the Canadian Society of Allergy and Clinical Immunology},
  year    = {2006},
  volume  = {2},
  number  = {3},
  pages   = {98--108},
}

@Article{Neilson2011a,
  author  = {Neilson, Matthew P and others},
  title   = {Chemotaxis: A feedback-based computational model robustly predicts multiple aspects of real cell behaviour},
  journal = {PLoS Biol.},
  year    = {2011},
  volume  = {9},
  number  = {5},
  pages   = {1--11},
}

@Article{Bernardo2003,
  author  = {Bernardo, JM and others},
  title   = {The variational {Bayesian} {EM} algorithm for incomplete data: with application to scoring graphical model structures},
  journal = {Bayesian statistics},
  year    = {2003},
  volume  = {7},
  pages   = {453--464},
}

@Article{Lieschke2007,
  author  = {Lieschke, G.J. and Currie, P.D.},
  title   = {Animal models of human disease: zebrafish swim into view},
  journal = {Nat. Rev. Genet.},
  year    = {2007},
  volume  = {8},
  number  = {5},
  pages   = {353--367},
}

@Article{Stossel1994,
  author  = {Stossel, Thomas P.},
  title   = {The Machinery of Blood Cell Movements},
  journal = {Blood},
  year    = {1994},
  volume  = {84},
  number  = {2},
  pages   = {367--379},
}

@Article{Dempster77,
  author  = {Dempster, A. P. and Laird, N. M. and Rubin,D. B.},
  title   = {Maximum likelihood from incomplete data via the {EM} algorithm},
  journal = {J. R. Stat. Soc. Ser. B Stat. Methodol.},
  year    = {1977},
  volume  = {39},
  number  = {1},
  pages   = {1--38},
}

@Article{Kennedy2009,
  author  = {Kennedy, Adam D and DeLeo, Frank R},
  title   = {Neutrophil apoptosis and the resolution of infection},
  journal = {Immunol. Res.},
  year    = {2009},
  volume  = {43},
  pages   = {25--61},
}

@Article{Stramer2005,
  author  = {Stramer, Brian and others},
  title   = {Live imaging of wound inflammation in Drosophila embryos reveals key roles for small {GTPases} during \textit{in vivo} cell migration},
  journal = {J. Cell Biol.},
  year    = {2005},
  volume  = {168},
  number  = {4},
  pages   = {567--573},
}

@Article{Tranquillo1987,
  author  = {Tranquillo, Rober T and Lauffenburger, Doug A},
  title   = {Stochastic model of leukocyte chemosensory movement},
  journal = {J. Math. Biol.},
  year    = {1987},
  volume  = {25},
  pages   = {229--262},
}

@Article{Wu1983,
  author  = {Wu, J. C. F.},
  title   = {On the convergence properties of the {EM} algorithm},
  journal = {Ann. Stat.},
  year    = {1983},
  volume  = {11},
  number  = {1},
  pages   = {95--103},
}

@Article{Tranquillo1988,
  author  = {Tranquillo, Rober T and Lauffenburger, Doug A and Zigmond, Sally H},
  title   = {A Stochastic Model for Leukocyte Random Motility and Chemotaxis Based on Receptor Binding Fluctuations},
  journal = {J. Cell Biol.},
  year    = {1988},
  volume  = {106},
  pages   = {303--309},
}

@Article{Jilkine2011,
  author    = {Jilkine, Alexandra AND Edelstein-Keshet, Leah},
  title     = {A Comparison of Mathematical Models for Polarization of Single Eukaryotic Cells in Response to Guided Cues},
  journal   = {PLoS Comput. Biol.},
  year      = {2011},
  volume    = {7},
  number    = {4},
  pages     = {1--15},
  publisher = {Public Library of Science},
}

@Article{Rapoport2007,
  author  = {I. Rapoport and Y. Oshman},
  title   = {Efficient fault tolerant estimation using the {IMM} methodology},
  journal = {IEEE Trans. Aerosp. Electron. Syst.},
  year    = {2007},
  volume  = {43},
  number  = {2},
  pages   = {492--508},
}

@InProceedings{Murphy2012proc,
  author    = {J. Murphy and S. Godsill},
  title     = {Simultaneous localization and mapping for non-parametric potential field environments},
  booktitle = {2012 Workshop on Sensor Data Fusion: Trends, Solutions, Applications (SDF)},
  year      = {2012},
  pages     = {1--6},
}

@Article{Kolaczkowska2013,
  author    = {Kolaczkowska, Elzbieta and Kubes, Paul},
  title     = {Neutrophil recruitment and function in health and inflammation},
  journal   = {Nat. Rev. Immunol.},
  year      = {2013},
  volume    = {13},
  pages     = {159--175},
  booktitle = {Nature reviews. Immunology},
}

@Book{Gelb1974,
  author    = {Gelb, A.},
  title     = {{Applied Optimal Estimation}},
  year      = {1974},
  series    = {Applied Optimal Estimation},
  publisher = {MIT Press},
}

@Article{Doob1942,
  author  = {Doob, J.L.},
  title   = {Brownian Movement and Stochastic Equations},
  journal = {Ann. Math.},
  year    = {1942},
  volume  = {43},
  number  = {2},
  pages   = {351--369},
}

@Article{Tugnait1982,
  author  = {J. Tugnait},
  title   = {Adaptive estimation and identification for discrete systems with {Markov} jump parameters},
  journal = {IEEE Trans. Autom. Control},
  year    = {1982},
  volume  = {27},
  number  = {5},
  pages   = {1054--1065},
}

@Article{Kendall1949,
  author  = {Kendall, M. G.},
  title   = {On the Reconciliation of Theories of Probability},
  journal = {Biometrika},
  year    = {1949},
  volume  = {36},
  number  = {1-2},
  pages   = {101--116},
}

@Article{Painter2018,
  author  = {Kevin J. Painter},
  title   = {Mathematical models for chemotaxis and their applications in self-organisation phenomena},
  journal = {J. Theor. Biol.},
  year    = {2018},
}

@Article{Campara2016,
  author    = {Campa, Carlo Cosimo and others},
  title     = {Rac signal adaptation controls neutrophil mobilization from the bone marrow},
  journal   = {Sci. Signal.},
  year      = {2016},
  volume    = {9},
  number    = {459},
  pages     = {ra124},
  publisher = {Science Signaling},
}

@Article{Liepe2012,
  author  = {Liepe, Juliane and others},
  title   = {Calibrating spatio-temporal models of leukocyte dynamics against \textit{in vivo} live-imaging data using approximate {Bayesian} computation},
  journal = {Integr. Biol.},
  year    = {2012},
  volume  = {4},
  pages   = {335--345},
}

@Article{Yoo2011,
  author    = {Yoo, S.K. and Deng, Qing and Cavnar, Peter and Wu, Y.I. and Hahn, Klaus and Huttenlocher, A},
  title     = {Differential Regulation of Protrusion and Polarity by {PI(3)K} during Neutrophil Motility in Live Zebrafish},
  year      = {2011},
  volume    = {21},
  journal = {Dev. Cell},
}

@InProceedings{Cinquemani2007,
  author    = {E. Cinquemani and R. Porreca and G. Ferrari-Trecate and J. Lygeros},
  title     = {A general framework for the identification of jump {Markov} linear systems},
  booktitle = {2007 46th IEEE Conference on Decision and Control},
  year      = {2007},
  pages     = {5737--5742},
}

@Book{Barshalom2001,
  author = {Bar-Shalom, Y and {Rong Li}, X and Kirubajan, T},
  title  = {{Estimation with Applications to Tracking and Navigation. Theory, Algorithms, and Software}},
  year   = {2001},
  pages  = {558},
}

@Book{Mclachlan2008,
  title     = {{The {EM} Algorithm and Extensions}},
  author    = {McLachlan, G. and Krishnan, T.},
  year      = {2008},
  publisher = {Wiley},
  edition   = {2},
}

@Book{Gibbons2011,
	title 		= {{Nonparametric Statistical Inference}},
	author 		= {Gibbons, Jean Dickinson and Chakraborti, Subhabrata},
	year 		= {2011}, 
	publisher 	= {Marcel Dekker, Inc.},
}

@Article{Sible2007,
	title	={Mathematical modelling as a tool for investigating cell cycle control networks},
	author	={Jill C. Sible and John J. Tyson},
	journal	={Methods},
	year	={2007},
	number 	= {2},
	volume	={41},
	pages	={238--247}
}

@Article{Heit2008,
  author    = {Heit, Bryan and others},
  title     = {PI3K accelerates, but is not required for, neutrophil chemotaxis to {fMLP}},
  journal   = {J. Cell Sci.},
  year      = {2008},
  volume    = {121},
  number    = {2},
  pages     = {205--214},
  publisher = {The Company of Biologists Ltd},
}

@Article{Hoeller2007,
  author  = {Oliver Hoeller and Robert R. Kay},
  title   = {Chemotaxis in the Absence of {PIP3} Gradients},
  journal = {Curr. Biol.},
  year    = {2007},
  volume  = {17},
  number  = {9},
  pages   = {813 -- 817},
}

@Article{Xiong2010a,
  author    = {Xiong, Yuan and Iglesias, Pablo A.},
  title     = {Tools for analyzing cell shape changes during chemotaxis},
  journal   = {Integr. Biol.},
  year      = {2010},
  volume    = {2},
  issue     = {11-12},
  pages     = {561--567},
  publisher = {The Royal Society of Chemistry},
}

@Article{Kadochnikova2018,
  author   = {Anastasia Kadochnikova and Hannah M. Isles and Stephen A. Renshaw and Visakan Kadirkamanathan},
  title    = {Estimation of Hidden Chemoattractant Field from Observed Cell Migration Patterns},
  journal  = {IFAC-PapersOnLine},
  year     = {2018},
  volume   = {55},
  number   = {15},
  pages    = {766--771},
}

@Comment{jabref-meta: databaseType:biblatex;}
