% Encoding: UTF-8
@article{Albercht1998,
author = {Albercht, Eric and Petty, Howard R},
journal = {Proceedings of the National Academy of Sciences of the United States of America},
number = {April},
pages = {5039--5044},
title = {{Cellular memory  Neutrophil orientation reverses during temporally decreasing chemoattractant concentrations}},
volume = {95},
year = {1998}
}
@article{Alt1980,
author = {Alt, Wolgang},
journal = {Journal of Mathematical Biology},
keywords = {chemotaxis - - biased,diffusion equations - -,random walk - -,singular perturbation},
pages = {147--177},
title = {{Biased Random Walk Models for Chemotaxis and Related Diffusion Approximations}},
volume = {9},
year = {1980}
}
@article{Aram2013,
author = {Aram, P. and Freestone, D. R. and Dewar, M. and Scerri, K. and Jirsa, V. and Grayden, D. B. and Kadirkamanathan, V.},
journal = {NeuroImage},
pages = {88--102},
title = {{Spatiotemporal multi-resolution approximation of the Amari type neural field model}},
volume = {66},
year = {2013}
}
@article{Aranyosi2015,
author = {Aranyosi, Alexander J and Wong, Elisabeth A and Irimia, Daniel},
journal = {Lab on a Chip},
number = {2},
pages = {549--556},
publisher = {Royal Society of Chemistry},
title = {{A neutrophil treadmill to decouple spatial and temporal signals during chemotaxis}},
volume = {15},
year = {2015}
}
@article{Armon2012,
author = {Armon, Leah and Caplan, S. Roy and Eisenbach, Michael and Friedrich, Benjamin M.},
journal = {PLoS ONE},
number = {3},
pages = {1--7},
title = {{Testing human sperm chemotaxis: How to detect biased motion in population assays}},
volume = {7},
year = {2012}
}
@article{AV2011,
author = {AV, Vorotnikov},
journal = {Biological Chemostry},
pages = {335--400},
title = {{Chemotaxis: movement, guidance, control}},
volume = {51},
year = {2011}
}
@book{Bar-Shalom2001,
author = {Bar-Shalom, Y and {Rong Li}, X and Kirubajan, T},
pages = {558},
title = {{Estimation with Applications to Tracking and Navigation. Theory, Algorithms, and Software}},
year = {2001}
}
@article{Liepe2012,
author = {and Liepe, Juliane and Taylor, Harriet and Barnes, Chris P and Huvet, Maxime and Bugeon, Laurence and Thorne, Thomas and Lamb, Jonathan R and Dallman, Margaret J and Stumpf, Michael P H},
journal = {Integrative Biology},
pages = {335--345},
title = {{Calibrating spatio-temporal models of leukocyte dynamics against in vivo live-imaging data using approximate Bayesian computation}},
volume = {4},
year = {2012}
}
@book{Bishop2006,
author = {Bishop, Christopher M},
title = {{Pattern Recognition and Machine Learning: Christopher M. Bishop}},
year = {2006}
}
@article{Boyles1983,
author = {Boyles, R. A.},
journal = {Journal of the Royal Statistical Society. Series B (Methodological)},
keywords = {em algorithm,likelihood,maximum},
number = {1},
pages = {47--50},
title = {{On the Convergence of the EM Algorithm}},
volume = {45},
year = {1983}
}
@article{Bussmann2015,
author = {Bussmann, Jeroen and Raz, Erez},
journal = {The EMBO journal},
keywords = {1309,1318,15252,201490105,2015,34,accepted 4 february 2015,cell migration,cytokines,doi 10,embj,february 2015,published online 11 march,received 18 september 2014,revised 2,the embo journal},
number = {10},
pages = {1309--1318},
title = {{Chemokine-guided cell migration and motility in zebrafish development}},
volume = {34},
year = {2015}
}
@article{Chadwick2010,
author = {Chadwick, M A. and Anderson, S.R. and Kadirkamanathan, V.},
journal = {International Journal of Systems Science},
number = {7},
pages = {839--851},
title = {{An iterative Kalman smoother/least-squares algorithm for the identification of delta-ARX models}},
volume = {41},
year = {2010}
}
@article{Cho2014,
author = {Cho, Hansang and Hamza, Bashar and Wong, Elisabeth A and Irimia, Daniel},
journal = {Lab on a chip},
number = {5},
pages = {972--978},
title = {{On-demand, competing gradient arrays for neutrophil chemotaxis.}},
volume = {14},
year = {2014}
}
@thesis{Chung2015,
author = {Chung, Henry H L},
title = {{Engineered Microenvironment for Quantitative Studies of Neutrophil Migration}},
year = {2015}
}
@article{Codling2008,
author = {Codling, Edward A and Plank, Michael J and Benhamou, Simon},
journal = {Journal of Royal Society Interface},
keywords = {angiogenesis,chemotaxis,diffusion,dispersal,navigation,random walk},
pages = {813--834},
title = {{Random walk models in biology}},
volume = {5},
year = {2008}
}
@article{Creveling2008,
author = {Creveling, Daniel R. and Gill, Philip E. and Abarbanel, Henry D.I.},
journal = {Physics Letters A},
keywords = {parameter estimation,synchronization},
number = {15},
pages = {2640--2644},
title = {{State and parameter estimation in nonlinear systems as an optimal tracking problem}},
volume = {372},
year = {2008}
}
@article{Csillery2010,
author = {Csillery, Katalin and Blum, Michael G B and Gaggiotti, Oscar E. and Fran??ois, Olivier},
journal = {Trends in Ecology and Evolution},
number = {7},
pages = {410--418},
title = {{Approximate Bayesian Computation (ABC) in practice}},
volume = {25},
year = {2010}
}
@article{Dahmen1999,
author = {Dahmen, Wolfgang and Kunoth, Angela and Urban, Karsten},
journal = {Applied and Computational Harmonic Analysis},
number = {2},
pages = {132--196},
title = {{Biorthogonal Spline Wavelets on the Intervalâ€”Stability and Moment Conditions}},
volume = {6},
year = {1999}
}
{Deranleau1987,
author = {Deranleau, David A.},
]journal = {Trends in Biochemical Sciences},
number = {C},
pages = {439--442},
title = {{Blood platelet shape change ABCs}},
volume = {12},
year = {1987}
}
@article{Dochain2003,
author = {Dochain, Denis},
journal = {Journal of Process Control},
number = {8},
pages = {801--818},
title = {{State and parameter estimation in chemical and biochemical processes: A tutorial}},
volume = {13},
year = {2003}
}
@article{Doob1942,
author = {Doob, J.L.},
journal = {Annals of MAthematics},
number = {2},
pages = {351--369},
title = {{Brownian Movement and Stochastic Equations}},
volume = {43},
year = {1942}
}
@article{Dunster2014,
author = {Dunster, J L and Byrne, H M and King, J L},
journal = {Society of Mathematical Biology},
pages = {1953--1980},
title = {{The Resolution of Inflammation : A Mathematical Model of Neutrophil and Macrophage Interactions}},
volume = {76},
year = {2014}
}
@article{Ehrengruber1996,
author = {Ehrengruber, Markus U and Deranleau, David A and Coates, Thomas D},
journal = {The Journal of Experimental Biology},
keywords = {actin,cytoskeleton,lamellipod,locomotion,polymorphonuclear leukocyte,pseudopod,shape change,turbidimetry},
pages = {741--747},
title = {{Shape Oscillations of Human Neutrophil Leukocytes: Characterization and Relationship to Cell Motility}},
volume = {199},
year = {1996}
}
@article{Endres2009,
author = {Endres, Robert G. and Wingreen, Ned S.},
journal = {Progress in Biophysics and Molecular Biology},
keywords = {Chemotaxis,Fluctuation-dissipation theorem,Gradient sensing,Ligand-receptor binding,Noise},
number = {1-3},
pages = {33--39},
title = {{Accuracy of direct gradient sensing by cell-surface receptors}},
volume = {100},
year = {2009}
}
@techreport{Finch2004,
author = {Finch, Steven},
booktitle = {Communications},
pages = {1--14},
title = {{Ornstein-Uhlenbeck Process Steven Finch May 15, 2004 We rst de ne several words. A stochastic process Y}},
year = {2004}
}
@inproceedings{Fiortti1992,
author = {Fiortti, S and Jetto, L},
booktitle = {Proceedings of the 31st Conference of Declasion and Control},
pages = {2245--2246},
title = {{A New Algorithm for the Sequential Estimation of the Regularization Parameter in the Spline Smoothing Problem}},
year = {1992}
}
@article{Friedrich2008,
author = {Friedrich, B. M. and J{\"{u}}licher, F.},
journal = {New Journal of Physics},
title = {{The stochastic dance of circling sperm cells: Sperm Chemotaxis in the plane}},
volume = {10},
year = {2008}
}
@article{Futosi2013,
author = {Futosi, Krisztina and Fodor, Szabina and M{\'{o}}csai, Attila},
journal = {International Immunopharmacology},
keywords = {Inflammation,Kinases,Neutrophils,Receptors,Signaling},
number = {3},
pages = {638--650},
publisher = {The Authors},
title = {{Neutrophil cell surface receptors and their intracellular signal transduction pathways}},
volume = {17},
year = {2013}
}
@book{Goswami2011,
author = {Goswami, Jaideva C and Chan, Andrew K},
edition = {2nd},
title = {{Fundamentals of Wavelets: Theory, Algorithms, and Applications}},
year = {2011}
}
@article{Gray2011,
author = {Gray, Caroline and Loynes, Catherine A and Whyte, Moira K B and Crossman, David C and Renshaw, Stephen A and Chico, Timothy J A},
journal = {Thrombosis and Haemostasis},
keywords = {animal models,macrophage,transgenic animals,wound healing},
number = {5},
pages = {811--819},
title = {{Simultaneous intravital imaging of macrophage and neutrophil behaviour during inflammation using a novel transgenic zebrafish}},
volume = {105},
year = {2011}
}
@article{Guerrero2010,
author = {Guerrero, Ad{\'{a}}n and Wood, Christopher D and Nishigaki, Takuya and Carneiro, Jorge and Darszon, Alberto},
journal = {Biochemical Society transactions},
keywords = {calcium signalling,chemotaxis,fertilization,flagellum,sea-urchin sperm,sperm},
number = {5},
pages = {1270--1274},
title = {{Tuning sperm chemotaxis.}},
volume = {38},
year = {2010}
}
@article{Guilford1995,
author = {Guilford, William H and Lantz, R Clark and Gore, Robert W},
journal = {American Journal of Physiology},
number = {5},
pages = {1308--1312},
title = {{Locomotive forces produced by single leukocytes in vivo and in vitro}},
volume = {37},
year = {1995}
}
@article{Hallett1995,
author = {Hallett, Maurice B and Lloyds, Darren},
journal = {Immunology Today},
number = {6},
pages = {264--268},
title = {{Neutrophil priming : the cellular signals that say ' amber ' but not ' green '}},
volume = {16},
year = {1995}
}
@article{Hamza2014,
author = {Hamza, Bashar and Wong, Elisabeth A and Patel, Sachin and Cho, Hansang and Martel, Joseph and Irimia, Daniel},
journal = {Integrative biology : quantitative biosciences from nano to macro},
number = {2},
pages = {175--83},
title = {{Retrotaxis of human neutrophils during mechanical confinement inside microfluidic channels.}},
volume = {6},
year = {2014}
}
@article{Hartman1994,
author = {Hartman, R S and Lau, K and Chou, W and Coates, T D},
journal = {Biophysical journal},
number = {6},
pages = {2535--2545},
publisher = {Elsevier},
title = {{The fundamental motor of the human neutrophil is not random: evidence for local non-Markov movement in neutrophils.}},
volume = {67},
year = {1994}
}
@article{Henkelman2010,
author = {Henkelman, R. Mark},
journal = {Annual Review of Biomedical Engineering},
pages = {143--166},
title = {{Systems Biology through Mouse Imaging Centers: Experience and New Directions.}},
volume = {12},
year = {2010}
}
@article{Henry2013,
author = {Henry, Katherine M and Loynes, Catherine a and Whyte, Moira K B and Renshaw, Stephen a},
journal = {Journal of leukocyte biology},
number = {4},
pages = {633--42},
title = {{Zebrafish as a model for the study of neutrophil biology.}},
volume = {94},
year = {2013}
}
@article{Henry2013a,
author = {Henry, Katherine M and Loynes, Catherine A and Whyte, Moira K B and Renshaw, Stephen A},
journal = {Journal of Leukocyte Biology},
pages = {1--10},
title = {{Zebrafish as a model for the study of neutrophil biology}},
volume = {94},
year = {2013}
}
@article{Ho2013,
author = {Ho, Thang and Clermont, Gilles and Parker, Robert S.},
journal = {Computers and Chemical Engineering},
keywords = {Biomedical systems,Cancer chemotherapy,G-CSF,Inflammation,LPS,Neutrophils,Nonlinear dynamic modeling},
pages = {187--196},
publisher = {Elsevier Ltd},
title = {{A model of neutrophil dynamics in response to inflammatory and cancer chemotherapy challenges}},
volume = {51},
year = {2013}
}
@article{Ho1964,
author = {Ho, Yu-Chi Ho Yu-Chi and Lee, R. C. K. Lee R. C. K.},
journal = {Third Symposium on Adaptive Processes},
pages = {91--136},
title = {{Identification of linear dynamic systems}},
volume = {3},
year = {1964}
}
@article{Holmes2012,
author = {Holmes, G. R. and Anderson, S. R. and Dixon, G. and Robertson, A. L. and Reyes-Aldasoro, C. C. and Billings, S. A. and Renshaw, S. A. and Kadirkamanathan, V.},
journal = {Journal of The Royal Society Interface},
number = {77},
pages = {3229--3239},
title = {{Repelled from the wound, or randomly dispersed? Reverse migration behaviour of neutrophils characterized by dynamic modelling}},
volume = {9},
year = {2012}
}
@article{Holmes2012a,
author = {Holmes, Geoffrey R and Dixon, Giles and Anderson, Sean R and Reyes-Aldasoro, Constantino C and Elks, Philip M and Billings, Stephen A. and Whyte, Moira K B and Kadirkamanathan, V. and Renshaw, S.A.},
journal = {Advances in Hematology},
pages = {1--8},
title = {{Drift-Diffusion Analysis of Neutrophil Migration during Inflammation Resolution in a Zebrafish Model}},
volume = {2012},
year = {2012}
}
@article{Holmes2012b,
author = {Holmes, William R and Edelstein-keshet, Leah},
journal = {PLoS Computational Biology},
number = {12},
title = {{A Comparison of Computational Models for Eukaryotic Cell Shape and Motility}},
volume = {8},
year = {2012}
}
@techreport{Horstmann2003,
author = {Horstmann, Dirk},
booktitle = {Jahresbericht der Deutschen Mathematiker-Vereinigung},
keywords = {chemotaxis equations,finite time blow-up,global existence,invariant sets,self-similar solutions,steady state analysis,traveling waves},
number = {3},
pages = {103--165},
title = {{From 1970 until present: the Keller-Segel model in chemotaxis and its consequences}},
volume = {105},
year = {2003}
}
@article{Insall2010,
author = {Insall, Robert H},
journal = {Nature reviews. Molecular cell biology},
number = {6},
pages = {453--458},
publisher = {Nature Publishing Group},
title = {{Understanding eukaryotic chemotaxis: a pseudopod-centred view.}},
volume = {11},
year = {2010}
}
@article{Insall2009,
author = {Insall, Robert H and Machesky, Laura M},
journal = {Developmental Cell},
number = {3},
pages = {310--322},
publisher = {Elsevier Inc.},
title = {{Actin Dynamics at the Leading Edge: From Simple Machinery to Complex Networks}},
volume = {17},
year = {2009}
}
@article{Irimia2009,
author = {Irimia, Daniel and Balazsi, Gabor and Agrawal, Nitin and Toner, Mehmet},
journal = {Biophysical Journal},
number = {10},
pages = {3897--3916},
title = {{Adaptive-control model for neutrophil orientation in the direction of chemical gradients}},
volume = {96},
year = {2009}
}
@article{Jones2015,
author = {Jones, P. J. M. and Sim, A. and Taylor, H. B. and Bugeon, L. and Dallman, M. J. and Pereira, B. and Stumpf, M. P. H. and Liepe, J.},
journal = {Physical Biology},
keywords = {approximate Bayesian computation,approximate bayesian computation,article is available online,in vivo imaging,innate immune signalling,supplementary material for this},
number = {6},
pages = {1--12},
publisher = {IOP Publishing},
title = {{Inference of random walk models to describe leukocyte migration}},
volume = {12},
year = {2015}
}
@article{Junger2011,
author = {Junger, Wolfgang G},
journal = {Nature Reviews Immunology},
number = {3},
pages = {201--212},
publisher = {Nature Publishing Group},
title = {{Immune cell regulation by autocrine purinergic signalling}},
volume = {11},
year = {2011}
}
@article{Kadirkamanathan2008,
author = {Kadirkamanathan, V. and Anderson, S. R.},
journal = {IEEE Transactions on Signal Processing},
keywords = {Delta operator,EM algorithm,Expectation-maximization,Fast sampling,System identification},
number = {8},
pages = {3765--3770},
title = {{Maximum-likelihood estimation of delta-domain model parameters from noisy output signals}},
volume = {56},
year = {2008}
}
@article{Kadirkamanathan2012,
author = {Kadirkamanathan, V. and Anderson, S.R. and Billings, S.A. and Zhang, X. and Holmes, G.R. and Reyes-Aldasoro, C.C. and Elks, P.M. and Renshaw, S.A.},
journal = {PLoS ONE},
number = {4},
pages = {e35182},
title = {{The Neutrophil's Eye-View: Inference and Visualisation of the Chemoattractant Field Driving Cell Chemotaxis In Vivo}},
volume = {7},
year = {2012}
}
@article{Keller1971,
author = {Keller, Evelyn F and Segel, Lee A},
journal = {Journal of Theoretical Biology},
number = {2},
pages = {225--234},
title = {{Model for chemotaxis}},
volume = {30},
year = {1971}
}
@article{Keller1985,
author = {Keller, Hansuli and Cottier, Hans},
journal = {Pathology - Research and Practice},
number = {2},
pages = {125--129},
publisher = {Gustav Fischer Verlag Â· Stuttgart Â· New York},
title = {{Morphological and Biochemical Responses of Leukocytes in Chemokinesis and Chemotaxis}},
volume = {180},
year = {1985}
}
@article{Klipp2006,
author = {Klipp, Edda and Liebermeister, Wolfram},
journal = {BMC Neuroscience},
number = {(Suppl l)},
pages = {S10},
title = {{Mathematical modeling of intracellular signaling pathways}},
volume = {7},
year = {2006}
}
@article{Kobayashi2009,
author = {Kobayashi, Scott D. and DeLeo, Frank R.},
journal = {Wiley Interdisciplinary Reviews: Systems Biology and Medicine},
number = {3},
pages = {309--333},
title = {{Role of neutrophils in innate immunity: A systems biology-level approach}},
volume = {1},
year = {2009}
}
@article{Lammermann2009,
author = {L{\"{a}}mmermann, Tim and Sixt, Michael},
journal = {Current Opinion in Cell Biology},
number = {5},
pages = {636--644},
title = {{Mechanical modes of â€˜amoeboidâ€™ cell migration}},
volume = {21},
year = {2009}
}
@article{Li2003,
author = {Li, X. Rong and Jilkov, V.P.},
journal = {IEEE Transactions on Aerospace and Electronic Systems},
number = {4},
pages = {1333--1364},
title = {{Survey of maneuvering targettracking . part I: dynamic models}},
volume = {39},
year = {2003}
}
@article{MacDonald2016,
author = {MacDonald, Grant and Mackenzie, John A and Nolan, Michael R and Insall, Robert H},
journal = {Journal of Computational Physics},
pages = {207--226},
publisher = {Elsevier Inc.},
title = {{A computational method for the coupled solution of reactionâ€“diffusion equations on evolving domains and manifolds: Application to a model of cell migration and chemotaxis}},
volume = {309},
year = {2016}
}
@article{Meijering2012,
author = {Meijering, Erik and Dzyubachyk, Oleh and Smal, Ihor},
journal = {Methods in Enzymology},
pages = {183--200},
title = {{Methods for cell and particle tracking}},
volume = {504},
year = {2012}
}
@article{Meinhardt1999,
author = {Meinhardt, Hans},
journal = {Journal of Cell Science},
keywords = {cell polarity,chemotaxis,dictyostelium,growth cone},
pages = {2867--2874},
title = {{Orientation of chemotactic cells and growth cones: models and mechanisms.}},
volume = {112},
year = {1999}
}
@book{Mobk2005,
author = {Mobk, F F X and Qc, F F X and December, I M L and Mobk, Acton},
title = {{Biomedical Image Analysis : Tracking}},
year = {2005}
}
@article{Mogilner2002,
author = {Mogilner, Alex and Edelstein-Keshet, Leah},
journal = {Biophysical Journal},
number = {3},
pages = {1237--1258},
publisher = {Elsevier},
title = {{Regulation of Actin Dynamics in Rapidly Moving Cells: a Quantitative Analysis}},
volume = {83},
year = {2002}
}
@article{Murali2014,
author = {Murali, Arun and Rajalingam, Krishnaraj},
journal = {Cellular and Molecular Life Sciences},
keywords = {Amoeboid,Cdc42,Cell migration,Cell shape,Mesenchymal,Metastases,Plasticity,Rac1,Rho GTPases,RhoA},
number = {9},
pages = {1703--1721},
title = {{Small Rho GTPases in the control of cell shape and mobility}},
volume = {71},
year = {2014}
}
@phdthesis{Murphy2013,
author = {Murphy, J.},
number = {November},
title = {{Hidden States , Hidden Structures : Bayesian Learning in Time Series Models}},
school = {University of Cambridge},
year = {2013}
}
@article{Myung2003,
author = {Myung, In J},
journal = {Journal of Mathematical Psychology},
pages = {90--100},
title = {{Tutorial on maximum likelihood estimation}},
volume = {47},
year = {2003}
}
@article{Najem2014,
author = {Najem, Sara and Grant, Martin},
journal = {Soft Matter},
number = {October},
pages = {9715--9720},
title = {{The chaser and the chased: a phase-field model of an immune response}},
volume = {10},
year = {2014}
}
@article{Najem2013,
author = {Najem, Sara and Grant, Martin},
journal = {Physical Review E},
pages = {034702},
title = {{Phase-field approach to chemotactic driving of neutrophil morphodynamics}},
volume = {88},
year = {2013}
}
@techreport{Neilson2011,
author = {Neilson, Matthew P and Mackenzie, John A and Webb, Steven D and Insall, Robert H},
pages = {1--21},
title = {{Modeling Cell Movement and Chemotaxis Using Pseudopod-Based Feedback}},
year = {2011}
}
@article{Neilson2011a,
author = {Neilson, Matthew P and Veltman, Douwe M and van Haastert, Peter J M and Webb, Steven D and Mackenzie, John A and Insall, Robert H},
journal = {PLoS Biology},
number = {5},
pages = {1--11},
title = {{Chemotaxis: A feedback-based computational model robustly predicts multiple aspects of real cell behaviour}},
volume = {9},
year = {2011}
}
@article{Niggli2003,
author = {Niggli, Verena},
journal = {The International Journal of Biochemistry {\&} Cell Biology},
pages = {1619--1638},
title = {{Signaling to migration in neutrophils : importance of localized pathways}},
volume = {35},
year = {2003}
}
@article{Nonomura2012,
author = {Nonomura, Makiko},
journal = {PLoS ONE},
number = {4},
pages = {1--9},
title = {{Study on multicellular systems using a phase field model}},
volume = {7},
year = {2012}
}

@article{Onsum2007,
author = {Onsum, Matthew and Rao, Christopher V.},
journal = {PLoS Computational Biology},
number = {3},
pages = {0436--0450},
title = {{A mathematical model for neutrophil gradient sensing and polarization}},
volume = {3},
year = {2007}
}
@article{Petrie2009,
author = {Petrie, Ryan J. and Doyle, Andrew D. and Yamada, Kenneth M.},
journal = {Nature Reviews Molecular Cell Biology},
number = {8},
pages = {538--549},
publisher = {Nature Publishing Group},
title = {{Random versus directionally persistent cell migration}},
volume = {10},
year = {2009}
}
@article{Renshaw2006,
author = {Renshaw, Stephen A and Loynes, Catherine A},
journal = {Blood},
number = {13},
pages = {3976--3978},
title = {{A transgenic zebrafish model of neutrophilic inflammation}},
volume = {108},
year = {2006}
}
@inproceedings{Reyes-Aldasoro2007,
author = {Reyes-Aldasoro, Constantino C and Akerman, S and Tozer, G M},
booktitle = {11th Medditerranean Conference on Medical and Biological Engineering and Computing},
keywords = {blood velocity,in this paper tracking,is understood as tracing,red blood cell tracking,the course},
pages = {1--4},
title = {{Measuring Red Blood Cell Velocity with a Keyhole Tracking Algorithm}},
year = {2007}
}
@article{Schoukens2012,
author = {Schoukens, Johan and Pintelon, Rik and Rolain, Yves},
journal = {Mastering System Identification in 100 Exercises},
title = {{Mastering System Identification in 100 Exercises}},
year = {2012}
}
@article{Schoukens2012a,
author = {Schoukens, Johan and Pintelon, Rik and Rolain, Yves},
journal = {Mastering System Identification in 100 Exercises},
number = {0},
title = {{Mastering System Identification in 100 Exercises}},
year = {2012}
}
@book{Schoukens2012b,
author = {Schoukens, Johan and Pintelon, Rik and Rolain, Yves},
booktitle = {IEEE Press},
keywords = {microwave measurements,nonlinearities,system identification},
title = {{Mastering System Identification in 100 Exercises}},
year = {2012}
}
@article{Schreiber2010,
author = {Schreiber, Christian H and Stewart, Murray and Duke, Thomas and Pollard, Thomas D},
journal = {Proceedings of the National Academy of Sciences of the United States of America},
number = {20},
pages = {9141--9146},
title = {{Simulation of cell motility that reproduces the forceâ€”velocity relationship}},
volume = {107},
year = {2010}
}
@article{Segel1977,
author = {Segel, Lee A},
journal = {SIAM Journal of Applied Mathematics},
keywords = {partial synchronization},
number = {2},
pages = {653--665},
title = {{A Theoretical Study of Receptor Mechanisms in Bacterial Chemotaxis}},
volume = {33},
year = {1977}
}
@book{Simon2006,
author = {Simon, Dan},
pages = {263--296},
publisher = {Wiley},
title = {{Optimal State Estimation: Kalman, H Infinity, and Nonlinear Approaches}},
year = {2006}
}
@article{Smith2010,
author = {Smith, Polly J},
number = {June},
title = {{Joint State and Parameter Estimation Using Data Assimilation With Application to Morphodynamic Modelling}},
year = {2010}
}
@article{Snyderman1981,
author = {Snyderman, Ralph and Goetzl, Edward},
journal = {Science},
number = {4510},
pages = {830--837},
title = {{Molecular and Cellular Mechanisms of Leukocite Chemotaxis}},
volume = {213},
year = {1981}
}
@article{Song2013,
author = {Song, Jihwan and Kim, Dongchoul},
journal = {Journal of Applied Physics},
number = {15},
pages = {154701},
title = {{Computational kinetic study of chemotactic cell migration}},
volume = {114},
year = {2013}
}
@article{Stokes1991,
author = {Stokes, Cynthia L and Lauffenburger, Doug A and Williams, Stuart K},
journal = {Journal of Cell Science},
pages = {419--430},
pmid = {1885678},
title = {{Migration of individual microvessel endothelial cells: stochastic model and parameter measurement}},
volume = {99},
year = {1991}
}
@article{Stossel1994,
author = {Stossel, Thomas P.},
journal = {Blood},
number = {2},
pages = {367--379},
title = {{The Machinery of Blood Cell Movements}},
volume = {84},
year = {1994}
}
@article{Thelen1993,
author = {Thelen, Marcus and Dewald, Beatrice and Baggiolini, Marco},
journal = {Physiological Reviews},
number = {4},
title = {{Neutrophil Signal Transduction and Activation of the Respiratory Burst}},
volume = {73},
year = {1993}
}
@article{Tindall2008,
author = {Tindall, Markus J and Maini, Phillip K and Porter, S. L. and Armitage, J. P.},
journal = {Bulletin of Mathematical Biology},
keywords = {bacterial chemotaxis,multi-scale modeling,population modeling,review},
number = {6},
pages = {1570--1607},
title = {{Overview of Mathematical Approaches Used to Model Bacterial Chemotaxis II: Bacterial Populations}},
volume = {70},
year = {2008}
}
@article{Tranquillo1988,
author = {Tranquillo, Rober T and Lauffenburger, Doug A and Zigmond, Sally H},
journal = {The Journal of Cell Biology},
pages = {303--309},
title = {{A Stochastic Model for Leukocyte Random Motility and Chemotaxis Based on Receptor Binding Fluctuations}},
volume = {106},
year = {1988}
}
@article{Tu2013,
author = {Tu, Yuhai},
pages = {338--259},
title = {{Quantitative Modeling of Bacterial Chemotaxis : Signal Amplification and Accurate Adaptation}},
volume = {42},
year = {2013}
}
@article{Turner2012,
author = {Turner, Brandon M. and {Van Zandt}, Trisha},
journal = {Journal of Mathematical Psychology},
number = {2},
pages = {69--85},
publisher = {Elsevier Inc.},
title = {{A tutorial on approximate Bayesian computation}},
volume = {56},
year = {2012}
}
@article{Vianello2005,
author = {Vianello, Fabrizio and Olszak, Ivona T. and Poznansky, Mark C.},
journal = {Journal of Molecular Medicine},
keywords = {Fugetaxis,Immune evasion,Immune response,T cell development,T cells},
number = {10},
pages = {752--763},
title = {{Fugetaxis: Active movement of leukocytes away from a chemokinetic agent}},
volume = {83},
year = {2005}
}
@article{Wu1983,
author = {Wu, J. C. F.},
journal = {The Annals of Statistics},
number = {1},
pages = {95--103},
title = {{On the convergence properties of the EM algorithm}},
volume = {11},
year = {1983}
}
@article{Wu2015,
author = {Wu, Xiaojie and Newbold, Molly A. and Haynes, Christy L.},
journal = {Analyst},
number = {15},
pages = {5055--5064},
publisher = {Royal Society of Chemistry},
title = {{Recapitulation of in vivo-like neutrophil transendothelial migration using a microfluidic platform}},
volume = {140},
year = {2015}
}
@article{Wymann1987,
author = {Wymann, Matthias P and Kernen, Peter and Deranlea, David A and Dewald, Beatrice and Tscharner, Vinzenz Von and Baggiolini, Marco},
journal = {Biochemical and Biophysical Research Communications},
number = {1},
pages = {361--368},
title = {{Oscillatory Motion in Human Neutrophils Responding to Chemotactic Stimuli}},
volume = {147},
year = {1987}
}
@article{Zigmond1977,
author = {Zigmond, Sally H},
journal = {The Journal of Cell Biology},
keywords = {chemotaxis},
pages = {606--616},
title = {{Ability of Polymorphonuclear Leukocytes to Orient in Gradients of Chemotactic Factors}},
volume = {75},
year = {1977}
}
@article{Zigmond1981,
author = {Zigmond, Sally H and Levitsky, Hyam I. and Kreel, Barbara J.},
journal = {The Journal of Cell Biology},
number = {3},
pages = {585--592},
title = {{Cell polarity: An examination of its behavioral expression and its consequences for polymorphonuclear leukocyte chemotaxis}},
volume = {89},
year = {1981}
}

@article{Wiener1964,
author = {Wiener, Norbert},
journal = {The New Scientist},
pages = {211--212},
title = {{Dynamical Systems in Physics and Biology}},
volume = {21},
year = {1964}
}

@article{Kennedy2009,
author = {Kennedy, Adam D and DeLeo, Frank R},
journal = {Immunologic Research},
pages = {25--61},
title = {{Neutrophil apoptosis and the resolution of infection}},
volume = {43},
year = {2009}
}

@article {Dunn87,
	author = {Dunn, G. A. and Brown, A. F.},
	title = {A Unified Approach to Analysing Cell Motility},
	volume = {1987},
	number = {Supplement 8},
	pages = {81--102},
	year = {1987},
	publisher = {The Company of Biologists Ltd},
	journal = {Journal of Cell Science}
}

@article{Tranquillo1987,
	author = {Tranquillo, Rober T and Lauffenburger, Doug A},
	journal = {The Journal of Mathematical Biology},
	pages = {229--262},
	title = {{Stochastic model of leukocyte chemosensory movement}},
	volume = {25},
	year = {1987}
}

@thesis{Holmes2013,
	author = {Holmes, Geoffrey R},
	title = {{The spatiotemporal dynamics of inflammatory neutrophil populations}},
	year = {2013} 
}


@article{Kadane2004,
	author = {Joseph B. Kadane and Nicole A. Lazar},
	journal = {Journal of the American Statistical Association},
	number = {465},
	pages = {279-290},
	publisher = {[American Statistical Association, Taylor & Francis, Ltd.]},
	title = {Methods and Criteria for Model Selection},
	volume = {99},
	year = {2004}
}

@book{DeGroot2012,
	author = {DeGroot, Morris H and Schervish, Mark J},
	title = {{Probability and Statistics}},
	year = {2012},
	edition = {4},
	publisher = {[Pearson Education Limited]}
}

@article{Kass1995,
	author = {Robert E. Kass, Adrian E. Raftery},
	journal = {Journal of the American Statistical Association},
	number = {430},
	pages = {773-795},
	publisher = {[American Statistical Association, Taylor & Francis, Ltd.]},
	title = {Bayes Factors},
	volume = {90},	
	year = {1995}
}

@book{JEffreys1961,
	author = {Jeffreys, Harold},
	title = {{Theory of Probability}},
    year = {1962},
    edition = {3},
    publisher = {[Clarendon P]}
}

@Article{Hillen2008,
author={Hillen, T.
and Painter, K. J.},
title={{A user's guide to PDE models for chemotaxis}},
journal={Journal of Mathematical Biology},
year={2008},
volume={58},
number={1},
pages={183--217},
}

@Article{Lauffenburger1982,
	author={Lauffenburger, Douglas and Aris, Rutherford and Keller, Kenneth},
	title={{Effects of cell motility and chemotaxia on microbial population growth}},
	journal={Biophysical Journal},
	year={1982},
	volume={40},
	number={3},
	pages={209--219},
}


@Article{Sadik2011,
	author={Sadik, Christian D. and Kim, Nancy D. and Luster, Andrew D.},
	title={{Neutrophils cascading their way to inflammation}},
	journal={Trends in Immunology},
	year={2011},
	volume={32},
	number={10},
	pages={452--460},
}

@book{SysId2012,
	author = {Schoukens, Johan and Pintelon, Rik and Rolain, Yves },
	title = {{Mastering System Identification in 100 Exercises}},
	year = {2012},
	publisher = {[IEEE Press]}
}

@article{Irimia2010,
	author = {Irimia, Daniel},
	journal = {The Annual Review of Biomedical Engineerings},
	number = {12},
	pages = {259--284},
	title = {{Microfluidic Technologies for Temporal Perturbations of Chemotaxis}},
	year = {2010}
}

@Article{Futosi2013a,
  author  = {Futosi,Krisztina and Fodor,Szabina and MÃ³csai,Attila},
  title   = {{Neutrophil cell surface receptors and their intracellular signal transduction pathways}},
  journal = {International Immunopharmacology},
  year    = {2013},
  volume  = {17},
  number  = {3},
  pages   = {638 -- 650},
}

@Article{Xiong2010,
	author ={Xiong, Yuan and Iglesias, Pablo A.},
	title  ={Tools for analyzing cell shape changes during chemotaxis},
	journal  ={Integrative Biology},
	year  ={2010},
	volume  ={2},
	issue  ={11-12},
	pages  ={561-567},
	publisher  ={The Royal Society of Chemistry},
}

@article{Hochreiter2013,
	author = {Hochreiter-Hufford, Amelia and Ravichandran, Kodi S.}, 
	title = {Clearing the Dead: Apoptotic Cell Sensing, Recognition, Engulfment, and Digestion},
	volume = {5}, 
	number = {1}, 
	year = {2013}, 
	journal = {Cold Spring Harbor Perspectives in Biology} 
}


@book{Ljung1999,
	author = {Ljung, Lennart},
	title = {{System Identification - Theory for the User}},
	year = {1999},
	publisher = {[Prentice Hall PTR]},
	edition = {2nd}
}

@book{Bar-Shalom1993,
	author = {Bar-Shalom, Y. and Li, X. R.},
	pages = {511},
	title = {{Estimation and Tracking: Principles, Techniques, and Software}},
	year = {1993}
}

@article{Ghahramani2000,
	author = {Ghahramani, Z. and Hinton, G. E.}, 
	title = {Variational learning for switching state-space models},
	volume = {12}, 
	number = {4}, 
	year = {200}, 
	pages  ={831-864},
	journal = {Neural Computation} 
}

@TECHREPORT{Bilmes98agentle,
	author = {Jeff Bilmes},
	title = {A Gentle Tutorial of the EM Algorithm and its Application to Parameter Estimation for Gaussian Mixture and Hidden Markov Models},
	institution = {},
	year = {1998}
}

@article{Logothetis2002,
	title = "A Bayesian \{EM\} algorithm for optimal tracking of a maneuvering target in clutter ",
	journal = "Signal Processing ",
	volume = "82",
	number = "3",
	pages = "473 - 490",
	year = "2002",
	author = "Andrew Logothetis and Vikram Krishnamurthy and Jan Holst"
}

@ARTICLE{Dempster77,
	author = {Dempster, A. P. and Laird, N. M. and Rubin,D. B.},
	title = {Maximum likelihood from incomplete data via the EM algorithm},
	journal = {Journal of Royal Statistical Society, Series B},
	year = {1977},
	volume = {39},
	number = {1},
	pages = {1--38}
}

@ARTICLE{Helmick95, 
	author={Helmick, R. E. and Blair, W. D. and Hoffman,S. A.}, 
	journal={IEEE Transactions on Information Theory}, 
	title={Fixed-interval smoothing for Markovian switching systems}, 
	year={1995}, 
	volume={41}, 
	number={6}, 
	pages={1845-1855}, 
}

@ARTICLE{Chen2000, 
	author={Chen, Bing and Tugnait, J. K.}, 
	journal={IEEE Transactions on Aerospace and Electronic Systems}, 
	title={Interacting multiple model fixed-lag smoothing algorithm for Markovian switching systems}, 
	year={2000}, 
	volume={36}, 
	number={1}, 
	pages={243-250}, 
}

@ARTICLE{Blom1990, 
	author={Blom, H. A. P. and Bar-Shalom, Y.}, 
	journal={IEEE Transactions on Information Theory}, 
	title={Time-reversion of a hybrid state stochastic difference system with a jump-linear smoothing application}, 
	year={1990}, 
	volume={36}, 
	number={4}, 
	pages={836-847}, 
}

@ARTICLE{Blom1988, 
	author={H. A. P. Blom and Y. Bar-Shalom}, 
	journal={IEEE Transactions on Automatic Control}, 
	title={The interacting multiple model algorithm for systems with Markovian switching coefficients}, 
	year={1988}, 
	volume={33}, 
	number={8}, 
	pages={780-783}, 
	month={Aug},}

@ARTICLE{Logothetis99, 
	author={A. Logothetis and V. Krishnamurthy}, 
	journal={IEEE Transactions on Signal Processing}, 
	title={Expectation maximization algorithms for MAP estimation of jump Markov linear systems}, 
	year={1999}, 
	volume={47}, 
	number={8}, 
	pages={2139-2156}, 
	month={Aug},}

@ARTICLE{Doucet2001, 
	author={A. Doucet and N. J. Gordon and V. Krishnamurthy}, 
	journal={IEEE Transactions on Signal Processing}, 
	title={Particle filters for state estimation of jump Markov linear systems}, 
	year={2001}, 
	volume={49}, 
	number={3}, 
	pages={613-624}, 
	month={Mar},}

@ARTICLE{Doucet2000, 
	author={A. Doucet and A. Logothetis and V. Krishnamurthy}, 
	journal={IEEE Transactions on Automatic Control}, 
	title={Stochastic sampling algorithms for state estimation of jump Markov linear systems}, 
	year={2000}, 
	volume={45}, 
	number={2}, 
	pages={188-202}, 
	month={Feb},}

@ARTICLE{Johnston2001, 
	author={L. A. Johnston and V. Krishnamurthy}, 
	journal={IEEE Transactions on Signal Processing}, 
	title={An improvement to the interacting multiple model (IMM) algorithm}, 
	year={2001}, 
	volume={49}, 
	number={12}, 
	pages={2909-2923}}

@INPROCEEDINGS{Blom1984, 
	author={H. A. P. Blom}, 
	booktitle={The 23rd IEEE Conference on Decision and Control}, 
	title={An efficient filter for abruptly changing systems}, 
	year={1984}, 
	pages={656-658}, 
	month={Dec},}

@ARTICLE{Tugnait1982, 
	author={J. Tugnait}, 
	journal={IEEE Transactions on Automatic Control}, 
	title={Adaptive estimation and identification for discrete systems with Markov jump parameters}, 
	year={1982}, 
	volume={27}, 
	number={5}, 
	pages={1054-1065}, 
	month={Oct},}

@ARTICLE{Goutsias1988, 
	author={J. Goutsias and J. M. Mendel}, 
	journal={IEEE Transactions on Information Theory}, 
	title={Optimal simultaneous detection and estimation of filtered discrete semi-Markov chains}, 
	year={1988}, 
	volume={34}, 
	number={3}, 
	pages={551-568}, 
	month={May},}

@ARTICLE{Kirubarajan2000, 
	author={T. Kirubarajan and Y. Bar-Shalom and K. R. Pattipati and I. Kadar}, 
	journal={IEEE Transactions on Aerospace and Electronic Systems}, 
	title={Ground target tracking with variable structure IMM estimator}, 
	year={2000}, 
	volume={36}, 
	number={1}, 
	pages={26-46}, 
	month={Jan},}

@article{Khatib1986,
	author = {O. Khatib},
	title = {Real-Time Obstacle Avoidance for Manipulators and Mobile Robots},
	journal = {The International Journal of Robotics Research},
	volume = {5},
	number = {1},
	pages = {90-98},
	year = {1986},}

@article{Ge2002,
	author = {Ge, S. S. and Cui, Y. J.},
	title = {Dynamic Motion Planning for Mobile Robots Using Potential Field Method},
	journal = {Autonomous Robots},
	issue_date = {November 2002},
	volume = {13},
	number = {3},
	month = nov,
	year = {2002},
	pages = {207--222},
	numpages = {16},
} 

@book{Costa2006,
	title={Discrete-Time Markov Jump Linear Systems},
	author={Costa, O.L.V. and Fragoso, M.D. and Marques, R.P.},
	series={Probability and Its Applications},
	year={2006},
	publisher={Springer London}
}

@ARTICLE{Rapoport2007, 
	author={I. Rapoport and Y. Oshman}, 
	journal={IEEE Transactions on Aerospace and Electronic Systems}, 
	title={Efficient fault tolerant estimation using the IMM methodology}, 
	year={2007}, 
	volume={43}, 
	number={2}, 
	pages={492-508}, 
	month={April},}

@ARTICLE{Rantzer2000, 
	author={A. Rantzer and M. Johansson}, 
	journal={IEEE Transactions on Automatic Control}, 
	title={Piecewise linear quadratic optimal control}, 
	year={2000}, 
	volume={45}, 
	number={4}, 
	pages={629-637}, 
	month={Apr},}

@article{Louis1982,
	author = {Thomas A. Louis},
	journal = {Journal of the Royal Statistical Society. Series B (Methodological)},
	number = {2},
	pages = {226-233},
	publisher = {[Royal Statistical Society, Wiley]},
	title = {Finding the Observed Information Matrix when Using the EM Algorithm},
	volume = {44},
	year = {1982}
}

@article{Meng2016,
	archivePrefix = {arXiv},
	arxivId = {1608.01734},
	author = {Meng, L},
	eprint = {1608.01734},
	month = {aug},
	title = {{Method for Computation of the Fisher Information Matrix in the Expectation-Maximization Algorithm}},
	year = {2016}
}

@INPROCEEDINGS{Glass2013, 
	author={J. D. Glass and W. D. Blair and Y. Bar-Shalom}, 
	booktitle={2013 IEEE Aerospace Conference}, 
	title={IMM estimators with unbiased mixing for tracking targets performing coordinated turns}, 
	year={2013}, 
	pages={1-10}, 
	month={March},}

@article{Billings1987,
	author = { S. A. Billings  and  W. S. F. Voon },
	title = {Piecewise linear identification of non-linear systems},
	journal = {International Journal of Control},
	volume = {46},
	number = {1},
	pages = {215-235},
	year = {1987},
	}

@ARTICLE{Pettit1995, 
	author={N. B. O. L. Pettit and P. E. Wellstead}, 
	journal={IEEE Control Systems}, 
	title={Analyzing piecewise linear dynamical systems}, 
	year={1995}, 
	volume={15}, 
	number={5}, 
	pages={43-50}, 
	month={Oct},}

@Inbook{Juloski2005,
	author={Juloski, Aleksandar Lj.
	and Heemels, W. P. M. H.
	and Ferrari-Trecate, Giancarlo
	and Vidal, Ren'e
	and Paoletti, Simone
	and Niessen, J. H. G.},
	editor={Morari, Manfred
	and Thiele, Lothar},
	title={Comparison of Four Procedures for the Identification of Hybrid Systems},
	bookTitle={Hybrid Systems: Computation and Control: 8th International Workshop, HSCC 2005, Zurich, Switzerland, March 9-11, 2005. Proceedings},
	year={2005},
	publisher={Springer Berlin Heidelberg},
	pages={354--369},
}

@INPROCEEDINGS{Wallar2014, 
	author={A. Wallar and E. Plaku}, 
	booktitle={2014 IEEE Symposium on Swarm Intelligence}, 
	title={Path planning for swarms in dynamic environments by combining probabilistic roadmaps and potential fields}, 
	year={2014}, 
	pages={1-8}, 
	month={Dec}}

@INPROCEEDINGS{Zhang2010, 
	author={M. Zhang and Y. Shen and Q. Wang and Y. Wang}, 
	booktitle={2010 IEEE Instrumentation Measurement Technology Conference Proceedings}, 
	title={Dynamic artificial potential field based multi-robot formation control}, 
	year={2010}, 
	pages={1530-1534}, 
	month={May}}

@techreport{Siu2012,
	author={H. Siu and M. Figueroa and J. Holt and S. Biaz}, 
	title={A Dynamic Swarm Approach to Artificial
	Potential Field Collision Avoidance}, 
	year={2012}, 
	pages={1-13}, 
}

@article{Xiong05102010,
	author = {Xiong, Yuan and Huang, Chuan-Hsiang and Iglesias, Pablo A. and Devreotes, Peter N.}, 
	title = {Cells navigate with a local-excitation, global-inhibition-biased excitable network},
	volume = {107}, 
	number = {40}, 
	pages = {17079-17086}, 
	year = {2010}, 
	journal = {Proceedings of the National Academy of Sciences} 
}

@INPROCEEDINGS{Cinquemani2007, 
	author={E. Cinquemani and R. Porreca and G. Ferrari-Trecate and J. Lygeros}, 
	booktitle={2007 46th IEEE Conference on Decision and Control}, 
	title={A general framework for the identification of jump Markov linear systems}, 
	year={2007}, 
	pages={5737-5742}, 
	month={Dec}}


@INPROCEEDINGS{Svensson2014, 
	author={A. Svensson and T. B. SchÃ¶n and F. Lindsten}, 
	booktitle={53rd IEEE Conference on Decision and Control}, 
	title={Identification of jump Markov linear models using particle filters}, 
	year={2014}, 
	pages={6504-6509},  
	month={Dec},}

@article{Armond2014,
	title={A stochastic model dissects cell states in biological transition processes.},
	author={J. W. Armond and K. Saha and A. A. Rana, C. J. Oates and R. Jaenisch and M. Nicodemi and S. Mukherjee},
	journal={Scientific reports},
	year={2014},
	volume={4},
	pages={3692}
}

@INPROCEEDINGS{Ashley2014, 
	author={T. T. Ashley and S. B. Andersson}, 
	booktitle={2014 American Control Conference}, 
	title={A Sequential Monte Carlo framework for the system identification of jump Markov state space models}, 
	year={2014}, 
	pages={1144-1149}, 
	ISSN={0743-1619}, 
	month={June},}

@article{Yildirim2013,
	author = { S. Yildirim  and  S. S. Singh  and  A. Doucet },
	title = {An Online Expectationâ€“Maximization Algorithm for Changepoint Models},
	journal = {Journal of Computational and Graphical Statistics},
	volume = {22},
	number = {4},
	pages = {906-926},
	year = {2013}
}

@inproceedings{Murphy1999,
	author = {Murphy, K. P. },
	title = {Bayesian Map Learning in Dynamic Environments},
	booktitle = {Proceedings of the 12th International Conference on Neural Information Processing Systems},
	series = {NIPS'99},
	year = {1999},
	location = {Denver, CO},
	pages = {1015--1021},
	numpages = {7},
} 

@article{Grisetti2007,
	author = {Grisetti, G. and Stachniss, C. and Burgard, W.},
	title = {Improved Techniques for Grid Mapping With Rao-Blackwellized Particle Filters},
	journal = {Transactions in Robotics},
	issue_date = {February 2007},
	volume = {23},
	number = {1},
	month = feb,
	year = {2007},
	issn = {1552-3098},
	pages = {34--46},
}

@article{Mazor1998,
	author = {S. Yildirim and S. S. Singh and A. Doucet },
	title = {Interacting Multiple Model Methods in Target Tracking: A Survey},
	journal = {IEEE Transactions on Aerospace and Electronic Systems},
	volume = {34},
	number = {1},
	pages = {103-123},
	year = {1998}
}

@book{walter2014,
	title={Identifiability of Parametric Models},
	author={Walter, E.},
	year={2014},
	publisher={Elsevier Science}
}

@article{tsang2011,
	title={Patterns in reaction diffusion system},
	author={Tsang, Boyce},
	year={2011}
}

@article {Elliott2012,
	author = {Elliott, Charles M. and Stinner, Bj{\"o}rn and Venkataraman, Chandrasekhar},
	title = {Modelling cell motility and chemotaxis with evolving surface finite elements},
	volume = {9},
	number = {76},
	pages = {3027--3044},
	year = {2012},
	publisher = {The Royal Society},
	journal = {Journal of The Royal Society Interface}
}


@article{Iglesias2013,
	author = {Shi, Changji AND Huang, Chuan-Hsiang AND Devreotes, Peter N. AND Iglesias, Pablo A.},
	journal = {PLOS Computational Biology},
	publisher = {Public Library of Science},
	title = {Interaction of Motility, Directional Sensing, and Polarity Modules Recreates the Behaviors of Chemotaxing Cells},
	year = {2013},
	month = {07},
	volume = {9},
	pages = {1-17},
	number = {7},
}

@article{Shao2010,
	title = {Computational Model for Cell Morphodynamics},
	author = {Shao, Danying and Rappel, Wouter-Jan and Levine, Herbert},
	journal = {Phys. Rev. Lett.},
	volume = {105},
	issue = {10},
	pages = {108104},
	numpages = {4},
	year = {2010},
	month = {Sep},
	publisher = {American Physical Society},
}

@book{Sorensen2007,
	title={Likelihood, Bayesian, and MCMC Methods in Quantitative Genetics},
	author={Sorensen, D. and Gianola, D.},
	series={Statistics for Biology and Health},
	year={2007},
	publisher={Springer New York}
}

@INPROCEEDINGS{Murphy2012proc, 
	author={J. Murphy and S. Godsill}, 
	booktitle={2012 Workshop on Sensor Data Fusion: Trends, Solutions, Applications (SDF)}, 
	title={Simultaneous localization and mapping for non-parametric potential field environments}, 
	year={2012}, 
	pages={1-6}, 
	month={Sept},}

@ARTICLE{Dewar2007, 
	author={M. Dewar and V. Kadirkamanathan}, 
	journal={IEEE Transactions on Signal Processing}, 
	title={A Canonical Space-Time State Space Model: State and Parameter Estimation}, 
	year={2007}, 
	volume={55}, 
	number={10}, 
	pages={4862-4870},  
	month={Oct},}

@ARTICLE{Scerri2009, 
	author={K. Scerri and M. Dewar and V. Kadirkamanathan}, 
	journal={IEEE Transactions on Signal Processing}, 
	title={Estimation and Model Selection for an IDE-Based Spatio-Temporal Model}, 
	year={2009}, 
	volume={57}, 
	number={2}, 
	pages={482-492}, 
	month={Feb},}

@ARTICLE{Xu1996, 
	author={L. Xu and M. I. Jordan}, 
	journal={Neural Computation}, 
	title={On Convergence Properties of the EM Algorithm for Gaussian Mixtures}, 
	year={1996}, 
	volume={8}, 
	number={1}, 
	pages={129-151}, 
	keywords={}, 
	doi={10.1162/neco.1996.8.1.129}, 
	ISSN={0899-7667}, 
	month={Jan},}


@MISC{MatrixCookbook,
	author       = {K. B. Petersen and M. S. Pedersen},
	title        = {The Matrix Cookbook},
	year         = {2012},
	month        = {nov},
	publisher    = {Technical University of Denmark},
}
@Comment{jabref-meta: databaseType:biblatex;}

@book{Turkington2013,
	 place={Cambridge}, 
	title={Generalized Vectorization, Cross-Products, and Matrix Calculus}, 
	publisher={Cambridge University Press}, 
	author={Turkington, Darrell A.}, 
	year={2013}}

@book{horn1991, 
	place={Cambridge}, 
	title={Topics in Matrix Analysis}, 
	publisher={Cambridge University Press}, 
	author={Horn, Roger A. and Johnson, Charles R.}, 
	year={1991}}

@article {Kolsch2008,
	author = {K{\"o}lsch, Verena and Charest, Pascale G. and Firtel, Richard A.},
	title = {The regulation of cell motility and chemotaxis by phospholipid signaling},
	volume = {121},
	number = {5},
	pages = {551--559},
	year = {2008},
	doi = {10.1242/jcs.023333},
	journal = {Journal of Cell Science}
}

@article{Guangwei2013,
	author = {Zhang Yan and Wang Xiao and Yang Hui and Liu Huanrong and Lu Yun and Han Limei and Liu Guangwei},
	title = {Kinase AKT controls innate immune cell development and function},
	journal = {Immunology},
	volume = {140},
	number = {2},
	pages = {143-152},
}

@article{Endres2017,
	author = {De Palo, Giovanna AND Yi, Darvin AND Endres, Robert G.},
	journal = {PLOS Biology},
	publisher = {Public Library of Science},
	title = {A critical-like collective state leads to long-range cell communication in Dictyostelium discoideum aggregation},
	year = {2017},
	month = {04},
	volume = {15},
	pages = {1-25},
	number = {4}
}

@article{Zhang2013,
	author = {Zhang, Yan and Wang, Xiao and Yang, Hui and Liu, Huanrong and Lu, Yun and Han, Limei and Liu, Guangwei},
	year = {2013},
	month = {05},
	pages = {143--152},
	title = {Kinase AKT controls innate immune cell development and function},
	volume = {140},
	booktitle = {Immunology}
}

@article {Chen2010,
	author = {Chen, Jia and Tang, Haiyang and Hay, Nissim and Xu, Jingsong and Ye, Richard D.},
	title = {Akt isoforms differentially regulate neutrophil functions},
	volume = {115},
	number = {21},
	pages = {4237--4246},
	year = {2010},
	publisher = {American Society of Hematology},
	journal = {Blood}
}
@article {Heit2002,
	author = {Heit, Bryan and Tavener, Samantha and Raharjo, Eko and Kubes, Paul},
	title = {An intracellular signaling hierarchy determines direction of migration in opposing chemotactic gradients},
	volume = {159},
	number = {1},
	pages = {91--102},
	year = {2002},
	publisher = {Rockefeller University Press},
	journal = {The Journal of Cell Biology}
}
@article {Servant2002,
	author = {Servant, G. and Weiner, O.D. and Neptune E.R.and Sedat, J.W. and Bourne, H.R.},
	title = {Dynamics of a Chemoattractant Receptor in Living Neutrophils during Chemotaxis},
	volume = {10},
	number = {4},
	pages = {1163--1178},
	year = {1999},
	journal = {Molecular Biology of the Cell}
}

